3167 5067
1270 334 1699 396 ...61-

1245 586 1713 653 Caracalla.

494 726 801 805 Quamvis
843 746 1117 808 magnus
1163 725 1249 789 sit
1292 746 1602 790 numerus
1646 724 2111 808 prodigiorum,
2158 745 2327 806 quae
2372 723 2675 789 Caracal-

272 840 391 904 lae
437 837 844 917 exstiterint,
907 842 1126 901 tamen
1170 858 1385 920 pauca
1427 837 1622 901 modo
1684 837 1902 901 omina
1944 836 2201 919 imperii
2246 836 2356 900 ille
2403 837 2675 920 accepit.

497 951 570 1014 In
616 950 718 1015 his
766 948 1217 1014 collocandum
1265 954 1365 1013 est
1409 948 1572 1013 illud
1619 949 1893 1031 signum,
1940 947 2114 1031 quod
2160 948 2291 1012 iam
2340 969 2541 1031 supra
2580 947 2676 1011 in-

275 1070 389 1128 ter
433 1084 511 1127 ea
556 1063 760 1144 signa,
808 1083 977 1144 quae
1022 1061 1260 1126 Severo
1284 1061 1739 1144 'principatum
1785 1060 2222 1140 ostenderint,
2266 1060 2675 1140 adduximus,

280 1175 463 1259 quod
498 1180 799 1258 spectare
845 1174 947 1239 vel
991 1175 1075 1239 ad
1106 1174 1414 1239 Severum
1459 1174 1560 1238 vel
1607 1173 1691 1238 ad
1722 1173 2130 1238 Caracallam
2175 1172 2278 1239 vel
2310 1173 2393 1237 ad
2427 1179 2675 1238 utrum·

285 1309 418 1371 que
465 1287 840 1351 existimare
895 1286 1090 1351 licet:
1178 1287 1338 1351 Cum
1397 1286 1675 1351 Severus
1736 1291 1928 1370 pater
1987 1285 2392 1351 Caracallam
2457 1305 2678 1368 repre-

276 1399 607 1477 hendenS,
671 1398 845 1482 quod
903 1398 1186 1482 largiore
1233 1419 1428 1463 manu
1480 1397 1772 1481 puerulis
1829 1398 2281 1463 conlusoribus
2339 1398 2676 1475 divideret,

281 1511 597 1576 dixisset:
628 1509 945 1594 '„parcius
979 1509 1210 1589 divide,
1258 1530 1385 1574 non
1432 1510 1602 1575 enim
1636 1511 1850 1592 regias
1902 1531 2057 1593 opes
2089 1509 2443 1593 possides“,
2491 1510 2676 1591 quin·

279 1644 608 1707 quennem
668 1643 943 1706 puerum
1004 1622 1454 1706 respondisse:
1513 1622 1669 1702 „sed
1713 1621 2101 1705 possidebo“
2147 1622 2390 1708 (Spart.
2440 1621 2580 1687 Sev,
2620 1628 2675 1686 4.

281 1740 357 1816 63
408 1734 487 1799 cf.
530 1756 678 1819 pag.
729 1736 865 1819 54).
2601 1724 2608 1728 ’

498 1846 692 1911 Aliud
739 1868 946 1927 omen,
993 1847 1074 1912 de
1109 1846 1451 1912 Caracalla
1477 1846 1604 1911 sibi
1633 1867 2035 1927 successum,
2085 1847 2341 1931 accepit
2368 1847 2676 1912 Severus:

702 1960 915 2044 Spart.
980 1959 1151 2024 Geta
1212 1964 1265 2023 1.
1330 1964 1403 2038 3,
1448 1965 1506 2024 4.
1614 1960 1982 2044 „Septimus
2039 1961 2315 2026 Severus
2393 1959 2677 2044 quodam

599 2079 893 2156 tempore
940 2092 1083 2136 cum
1133 2071 1565 2137 consuluisset
1611 2093 1690 2137 ac
1733 2073 2025 2156 petisset,
2070 2077 2145 2137 ut
2189 2072 2315 2137 sibi
2356 2071 2677 2136 indicare-

597 2190 707 2249 tur
766 2205 894 2267 quo
957 2188 1128 2249 esset
1189 2203 1565 2248 successore
1626 2186 2015 2266 morituruS,
2088 2185 2155 2249 in
2215 2184 2455 2248 somnis
2517 2184 2680 2247 vidit

602 2297 996 2361 Antoninum
1045 2296 1169 2361 sibi
1214 2316 1686 2362 successurum.
1763 2318 1966 2379 quare
2027 2296 2249 2361 statim
2308 2295 2392 2360 ad
2436 2296 2676 2360 milites

598 2408 920 2492 processit
964 2414 1030 2473 et
1074 2408 1491 2486 Bassianum,
1537 2407 1741 2473 filium
1787 2410 2102 2474 maiorem
2144 2414 2338 2488 natu,
2385 2408 2679 2472 Marcum

601 2521 935 2585 Aurelium
980 2520 1377 2585 Antoninum
1423 2520 1816 2604 appellaviv‘
1860 2521 2105 2606 (Spart.
2153 2520 2293 2585 SeV.
2347 2527 2442 2585 10.
2492 2525 2557 2604 4)

705 2633 918 2716 Spart.
979 2631 1121 2714 Nig.
1170 2639 1228 2696 8.
1276 2638 1341 2711 4,
1404 2638 1459 2697 5.
1551 2633 1782 2713 „item,
1856 2654 2003 2696 cum
2069 2633 2437 2715 quaesitum
2506 2638 2681 2697 esset

600 2747 668 2830 (a
712 2744 1011 2827 Delphici
1057 2744 1373 2827 Apollinis
1418 2744 1625 2826 vate),
1673 2745 1817 2827 quis
1862 2744 1957 2808 illi
2002 2744 2297 2829 (Severo)
2344 2765 2678 2809 successu·

599 2879 711 2921 rus
758 2862 947 2936 esset,
994 2856 1406 2940 respondisse
1444 2856 1672 2921 itidem
1716 2857 1972 2921 Graeco
2017 2878 2209 2921 versu
2254 2857 2528 2921 dicitur:

703 2969 838 3033 ‘Cui
886 2968 1186 3033 dederint
1228 2969 1467 3052 superi,
1513 2990 1750 3035 nomen
1791 2969 2038 3034 habere
2085 2968 2221 3033 Pii’.

603 3081 778 3162 quod
823 3081 1081 3145 omnino
1136 3080 1540 3145 intellectum
1594 3102 1724 3145 non
1781 3087 1912 3161 est,
1964 3081 2089 3145 nisi
2136 3103 2282 3146 cum
2324 3081 2678 3146 Bassianus

602 3192 928 3271 Antonini,
975 3193 1148 3275 quod
1193 3214 1415 3257 verum
1461 3194 1716 3275 signum
1757 3194 1856 3258 Pii
1900 3194 2044 3274 fuit,
2107 3216 2339 3259 nomen
2386 3195 2680 3277 accepiti‘

496 3305 733 3368 Nescio
779 3326 863 3367 an
925 3304 993 3368 id
1050 3305 1115 3368 in
1165 3305 1488 3369 ominibus
1533 3306 1791 3389 imperii
1834 3308 2306 3374 numerandum
2354 3307 2456 3386 sit,
2503 3307 2679 3390 quod

282 3423 441 3482 ante
491 3417 714 3486 Severi
769 3422 1043 3481 mortem
1102 3417 1206 3481 die
1264 3418 1649 3482 circensium
1709 3419 2023 3484 accidisse
2087 3425 2283 3502 atque
2328 3441 2448 3503 pro
2494 3421 2679 3502 signo

281 3530 519 3594 mortis
583 3529 805 3592 Severi
865 3528 1131 3593 ductum
1208 3550 1350 3594 esse
1413 3530 1805 3613 Spartianus
1865 3531 2099 3596 refert:
2189 3531 2347 3597 Cum
2404 3532 2514 3596 ille
2574 3533 2679 3596 die

283 3649 424 3706 tres
472 3640 871 3706 Victoriolae
933 3647 1150 3705 essent
1212 3641 1501 3723 locatae,
1567 3644 1881 3723 mediam,
1942 3665 2111 3726 quae
2157 3644 2378 3708 Severi
2421 3645 2679 3708 nomine

282 3754 691 3836 adscriptum
738 3752 961 3817 orbem
1009 3754 1354 3832 tenuisset,
1418 3754 1758 3834 decidisse,
1807 3777 1975 3837 quae
2027 3755 2234 3819 Getae
2279 3757 2536 3821 nomine
2578 3758 2675 3820 in-

282 3865 536 3948 scripta
577 3870 768 3945 esset,
813 3885 1067 3929 omnem
1097 3866 1559 3930 comminutam
1606 3889 1772 3948 esse,
1816 3868 1995 3932 illam
2029 3889 2200 3947 vero,
2246 3890 2416 3951 quae
2461 3870 2678 3933 Bassi-

282 3978 395 4042 ani
443 3976 708 4041 titulum
766 3976 1219 4059 praetulisset,
1282 3978 1523 4042 amissa
1577 3980 1800 4062 palma
1838 3981 2012 4046 venti
2066 3981 2327 4046 turbine
2373 3982 2481 4046 vix
2527 3999 2677 4045 con-

280 4090 534 4154 stitisse
579 4088 823 4172 (Spart.
871 4088 1011 4152 SeV.
1060 4095 1158 4155 22.
1206 4095 1278 4170 33
1339 4089 1445 4153 vix
1492 4093 1788 4156 constitit
1833 4093 2213 4158 Caracallae
2258 4099 2498 4173 statua,
2562 4095 2677 4158 sed

280 4209 509 4271 tamen
550 4200 888 4283 constitit).

497 4312 838 4394 Prodigia,
901 4311 1138 4393 quibus
1182 4315 1820 4396 praenuntiabantur
1867 4318 2247 4382 inimicitiae
2312 4323 2379 4382 et
2403 4296 2676 4396 'caedem
