3167 5067
28 1537 31 1624 .--⁷
28 1311 31 1520 m„
28 959 31 1302 ffi—V-—r
28 551 31 950 m*
28 89 35 530 ss.-—.-..--—j

1234 342 1665 438 -53—

461 544 698 610 Nescio
747 565 830 608 an
874 545 942 607 in
990 544 1312 609 ominibus
1357 545 1655 628 imperii,
1720 566 1889 627 quae
1955 545 2195 609 Severo
2258 546 2644 624 exstiterint,

251 656 618 742 putandum
663 656 750 721 sit
792 656 956 721 illud
1002 655 1247 721 dictum
1281 655 1536 732 Iuliani,
1584 678 1714 739 quo
1747 678 1935 721 omen
1980 656 2105 722 sibi
2151 656 2404 722 fecerat
2447 658 2646 723 Iulia-

253 792 380 834 nus
426 769 506 833 de
551 769 790 834 Severo
835 768 1092 852 imperii
1135 768 1458 852 participe
1495 768 1739 852 (Spart.
1770 769 1888 833 Iul.
1917 775 1972 834 6.
2010 775 2196 835 9-7.
2226 774 2297 851 2;
2350 791 2467 835 nos
2514 771 2638 835 hoc

252 904 445 947 omen
489 902 692 965 supra
735 882 1162 959 narravimuS,
1205 902 1354 964 pag.
1406 883 1533 965 50).

465 994 655 1078 Apud
703 994 918 1077 Spart.
968 993 1110 1057 Sev,
1165 999 1217 1057 1.
1265 1000 1324 1058 4.
1388 993 1697 1078 legimuSt

671 1106 784 1185 „In
828 1106 1045 1189 prima
1088 1105 1374 1189 pueritia
1415 1105 1750 1189 (Severus)
1939 1105 2186 1171 nullum
2234 1105 2432 1170 alium
2477 1106 2648 1171 inter

552 1239 802 1302 ,pueros
840 1217 1085 1296 ludum,
1131 1217 1256 1282 nisi
1302 1217 1387 1281 ad
1431 1217 1680 1282 iudices
1721 1218 2031 1296 exercuit,
2079 1239 2225 1282 cum
2270 1218 2410 1301 ipse
2452 1240 2643 1302 prae-

562 1331 716 1395 latis
780 1330 1069 1395 fascibus
1137 1351 1216 1394 ac
1275 1329 1613 1395 securibus
1672 1329 1898 1395 ordine
1959 1351 2313 1415 puerorum
2370 1331 2644 1396 circum—

567 1447 781 1507 stante
825 1442 1084 1507 sederet
1129 1464 1207 1506 ac
1247 1441 1610 1506 iudicaretfi‘

249 1557 490 1621 Utrum
537 1555 645 1619 hic
691 1555 913 1619 Severi
956 1554 1146 1638 pueri
1190 1575 1346 1619 usus
1407 1555 1825 1637 praesagium
1869 1554 2073 1619 futuri
2116 1555 2430 1639 principis
2477 1556 2643 1620 exis-

245 1670 556 1734 timatum
603 1667 723 1747 sit,
783 1688 867 1731 an
911 1666 1103 1732 modo
1149 1666 1549 1732 consuetudo
1598 1665 1902 1750 pueriliS,
1948 1688 1983 1731 e
2035 1668 2374 1751 scriptoris
2422 1668 2641 1733 verbis

248 1804 382 1846 non
428 1780 668 1845 elucet.

664 1892 751 1956 11).
804 1898 856 1956 1.
905 1898 962 1957 6.
1053 1914 1238 1972 „cum
1281 1892 1555 1956 Romam
1597 1891 1913 1970 venisset,
1975 1891 2298 1976 hospitem
2367 1898 2643 1958 nanctus

566 2004 678 2087 qui
723 2004 1044 2068 Hadriani
1087 2005 1287 2069 vitam
1332 2004 1825 2088 imperatoriam
1892 2004 2121 2068 eadem
2164 2004 2330 2069 hora
2373 2004 2641 2087 legeret,

564 2117 739 2200 quod
785 2117 911 2182 sibi
956 2137 1145 2184 omen
1184 2116 1447 2181 futurae
1491 2116 1825 2180 felicitatis
1872 2116 2190 2199 arripuit“

245 2233 468 2315 (omen
513 2230 770 2312 imperii
817 2250 958 2293 esse
1003 2228 1298 2293 habitum
1351 2233 1631 2312 apparet
1674 2249 1754 2292 ex
1799 2226 2031 2307 verbis,
2079 2249 2246 2311 quae
2290 2229 2640 2312 insequun-

244 2348 390 2408 tur:
439 2341 709 2421 „habuit
750 2347 816 2406 et
856 2341 1086 2406 aliud
1132 2362 1320 2406 omen
1360 2339 1685 2424 imperii“)

666 2453 751 2519 ib.
804 2460 857 2518 1.
907 2459 961 2520 7.
1052 2475 1238 2533 „cum
1271 2457 1542 2536 rogatus
1590 2452 1675 2516 ad
1709 2473 1937 2516 cenam
1972 2454 2464 2536 imperatoriam
2499 2454 2640 2537 pal-

562 2566 760 2630 liatus
800 2565 1097 2644 venisset,
1133 2565 1245 2648 qui
1277 2568 1540 2648 togatus
1569 2564 1787 2629 venire
1817 2563 2154 2645 debuerat,
2199 2571 2418 2648 togam
2444 2588 2637 2649 prae-

563 2678 898 2742 sidiariam
940 2678 1146 2761 ipsius
1188 2677 1604 2760 imperatoris
1651 2677 1946 2760 accepit“

663 2790 749 2854 11).
816 2796 869 2854 1.
939 2796 1035 2855 10.
1151 2788 1537 2869 „dormienti
1620 2789 1816 2853 etiam
1883 2789 1951 2853 in
2029 2789 2290 2854 stabulo
2362 2810 2633 2873 serpens

565 2908 764 2986 caput
821 2902 1022 2966 cinxit
1067 2906 1133 2966 et
1177 2902 1316 2966 sine
1359 2922 1533 2966 noxa
1573 2901 2052 2984 expergefactis
2100 2908 2167 2966 et
2209 2901 2639 2966 adclamanti-

563 3014 686 3080 bus
732 3013 1165 3078 familiaribus
1211 3013 1415 3078 abiit“

663 3126 751 3192 ib.
816 3132 872 3190 2.
931 3132 987 3190 2.
1092 3125 1600 3208 „absolutusque
1661 3131 1762 3191 est
1820 3146 1861 3190 a
1920 3125 2171 3189 Iuliano
2230 3125 2638 3209 proconsule,

564 3240 669 3304 cui
714 3245 780 3303 et
823 3238 893 3304 in
930 3238 1397 3322 proconsulatu
1438 3238 1756 3302 successit
1798 3243 1865 3301 et
1907 3236 2362 3304 inconsulatu
2390 3236 2641 3320 collega

562 3351 689 3416 fuit
734 3356 801 3416 et
843 3351 911 3414 in
953 3350 1228 3435 imperio
1272 3350 1431 3414 item
1477 3350 1828 3414 successit“

245 3468 448 3550 (hanc
499 3464 1002 3546 magistratuum
1040 3462 1516 3527 successionem
1556 3462 1626 3525 in
1665 3460 1987 3526 ominibus
2026 3460 2282 3544 imperii
2327 3482 2467 3526 esse
2516 3484 2635 3526 nu-

245 3583 568 3643 meratam
606 3576 924 3653 existimo,
973 3596 1370 3662 quamquam
1399 3574 1787 3658 Spartianus
1831 3573 1993 3637 nihil
2039 3573 2199 3638 dicit
2242 3573 2328 3638 de·
2367 3573 2492 3637 hac
2540 3575 2641 3657 re)

662 3688 748 3752 ib.
798 3694 854 3752 2.
903 3694 959 3767 8,
1010 3693 1068 3751 9.
1161 3692 1355 3766 „tunc
1398 3687 1466 3750 in
1498 3685 1783 3770 quadam
1816 3686 2078 3750 civitate
2114 3685 2440 3764 Africana,
2488 3706 2637 3748 cum

562 3800 879 3865 sollicitus
948 3798 1486 3863 mathematicum
1548 3798 2009 3877 consuluisset,
2068 3797 2413 3881 positaque
2477 3796 2644 3861 hora

559 3912 850 3995 ingentia
876 3911 1144 3988 vidisset
1178 3909 1564 3992 astrologus,
1591 3911 1764 3975 dixit
1796 3911 1887 3975 ei:
1938 3909 2164 3973 ‘Tuam
2198 3930 2328 3974 non
2362 3909 2643 3973 alienam

559 4046 726 4107 pone
773 4023 1178 4107 genituram'.
1238 4044 1514 4105 cumque
1561 4023 1838 4088 Severus
1887 4023 2204 4102 iurasset,
2249 4042 2428 4086 suam
2481 4043 2643 4120 esse,

560 4136 777 4201 omnia
822 4135 882 4200 ei
928 4135 1093 4199 dixit
1137 4155 1305 4218 quae
1349 4140 1584 4218 postea
1633 4134 1812 4199 facta
1857 4140 2048 4199 sunt“

658 4249 745 4313 ib.
809 4253 864 4312 3.
925 4253 982 4311 4.
1088 4252 1282 4327 „tunc
1363 4247 1449 4311 ad
1523 4246 1911 4330 Hispaniam
1983 4247 2218 4311 missus
2300 4244 2645 4310 somniavit

557 4360 769 4443 primo
789 4410 803 4439 ,
870 4358 994 4424 sibi
1055 4358 1214 4437 dici,
1278 4365 1353 4423 ut
1414 4358 1730 4442 templum
1794 4359 2284 4424 Tarraconense
2343 4357 2640 4441 Augusti,

561 4472 739 4554 quod
783 4472 913 4534 iam
958 4469 1327 4551 labebatur,
1367 4471 1784 4535 restitueret“
