3167 5067
1195 336 1627 397 ...71-

1852 503 2543 539 222222

530 500 794 588 ἆέτωμα
855 510 978 570 τοῦ
1035 512 1209 571 ναοῦ
1265 499 1473 590 αὐτῆς
1542 502 1652 571 ἐπὶ
1711 531 1916 585 κυνος
1979 531 2226 591 οχειται
2333 533 2410 575 το
2473 535 2599 594 γαρ

532 611 897 699 πρόσωπον
940 614 1005 695 ἐς
1049 612 1126 683 τὸ
1170 615 1297 683 ἔσω
1344 615 1804 702 μετέστρεψεν.

430 725 852 810 Praesagium
898 727 1130 793 mortis
1175 727 1535 811 reperimus
1576 727 1758 812 ¹apud
1801 729 2282 813 Lampridium:

635 837 885 922 Heliog.
942 844 998 903 7.
1046 844 1103 904 3.
1206 837 1665 905 Salambonem
1725 839 1923 905 etiam
1978 842 2151 906 omni
2210 842 2477 926 planetu
2536 850 2603 909 et

530 950 882 1015 iactatione
913 949 1163 1036 Syriaci
1194 950 1409 1017 cultus
1453 951 1768 1033 exhibuit,
1814 972 2002 1018 omen
2045 952 2170 1020 sibi
2213 953 2460 1020 faciens
2503 956 2601 1020 in-

528 1061 831 1127 minentis
869 1062 1068 1128 exitii.

956 1260 1444 1327 Alexander
1484 1261 1866 1328 Severus.

427 1397 796 1463 Alexander
837 1396 1045 1463 multa
1087 1398 1305 1463 omina
1350 1404 1418 1464 et
1457 1398 1722 1484 imperii
1768 1405 1836 1465 et
1877 1401 2107 1466 mortis
2152 1402 2424 1486 aceepit.

426 1509 658 1575 Omina
716 1509 973 1594 imperii
1030 1510 1206 1593 apud
1266 1510 1541 1577 Dionem
1599 1511 1954 1577 traduntur
2013 1511 2160 1578 duo.
2264 1513 2423 1579 Cum
2477 1514 2601 1582 Dio

225 1623 585 1688 narraverit
646 1621 1074 1705 Elagabalum
1131 1622 1596 1707 imperatorem
1652 1623 1895 1690 dixisse
1953 1645 2023 1689 se
2082 1645 2123 1689 a
2181 1624 2319 1690 Deo
2366 1625 2598 1710 Elaga-

224 1728 372 1799 balo
419 1755 561 1800 esse
600 1734 867 1814 iussum,
914 1733 1328 1815 Bassianum,
1385 1735 1825 1820 propinquum
1886 1757 2107 1817 suum,
2174 1737 2493 1822 adoptare
2537 1744 2604 1804 et

227 1843 662 1912 Alexandrum
703 1847 1054 1931 appellare,
1100 1847 1318 1932 pergit
1359 1847 1428 1912 in
1466 1847 1642 1914 hune
1683 1847 1979 1914 modum:

630 1958 920 2024 LXXIX.
972 1964 1067 2024 17.
1115 1965 1171 2025 3.
1262 1960 1374 2027 καὶ
1435 1959 1643 2046 ἔγωγε
1706 1963 2027 2047 πείθομαι
2069 1960 2142 2029 ἐκ
2186 1965 2376 2042 θείας
2420 1959 2602 2043 τινὸς

528 2079 951 2158 παρασκευῆς
1015 2068 1098 2152 ὡς
1142 2068 1414 2158 ἀληθῶς
1457 2067 1628 2140 αὐτὰ
1672 2072 2042 2159 γεγονέναι,
2086 2071 2600 2160 τεκμαιρόμενος

529 2178 651 2268 οὐχ
694 2179 794 2262 οἷς
839 2183 1091 2263 ἐκεῖνος
1139 2181 1360 2266 εἶπεν,
1420 2180 1553 2252 ἀλλ’
1619 2184 1691 2253 ἔκ
1736 2210 1804 2254 τε
1846 2193 1972 2253 τοῦ
2015 2185 2367 2270 λεχθέντος
2413 2181 2600 2277 αὐτῷ

530 2291 660 2362 ὑπό
716 2320 931 2376 τινος,
993 2293 1097 2365 ὅτι
1154 2293 1284 2384 ἄρα
1346 2322 1443 2377 τις
1484 2293 1902 2382 Ἀλέξανδρος
1947 2297 2013 2378 ἐξ
2050 2294 2319 2383 Ἐμέσης
2380 2295 2604 2364 ἐλθὼν

529 2402 738 2475 αὐτὸν
780 2408 1146 2491 διαδέξεται

630 2520 742 2587 καὶ
788 2518 861 2587 ἐκ
905 2528 1030 2588 τοῦ
1058 2519 1554 2608 συμβεβηκότος
1595 2520 1669 2588 ἔν
1705 2545 1773 2587 τε
1807 2528 1889 2608 τῇ
1921 2523 2159 2611 Μυσίᾳ
2197 2527 2279 2608 τῇ
2313 2516 2454 2587 ἅνω
2493 2521 2602 2588 καὶ

528 2639 611 2719 τῇ
663 2629 911 2723 Θρᾴκῃ.
978 2628 1209 2718 ὀλίγον
1265 2632 1392 2719 γὰρ
1455 2630 1721 2700 τούτων
1779 2629 2110 2718 πρότερον
2167 2634 2427 2717 δαίμων
2488 2657 2605 2712 τις,

510 2739 925 2827 Ἀλέξανδρος
985 2768 1054 2811 τε
1121 2741 1158 2812 ὁ
1198 2741 1543 2812 Μακεδὼν
1590 2744 1841 2822 ἐκεῖνος
1901 2739 2072 2811 εἶναι
2113 2743 2329 2830 λέγων
2371 2743 2483 2811 καὶ
2527 2741 2605 2810 τὸ

530 2851 706 2934 εἶδος
748 2850 966 2923 αὐτοῦ
1008 2854 1134 2941 τήν
1180 2881 1248 2924 τε
1294 2854 1545 2943 σκευὴν
1588 2853 1856 2922 ἅπασαν
1901 2854 2150 2941 φέρων,
2209 2852 2492 2942 ὡρμήθη
2534 2880 2602 2922 τε

530 2966 602 3035 ἐκ
661 2975 800 3034 τῶν
853 2968 1005 3052 περὶ
1066 2965 1188 3035 τὸν
1232 2963 1499 3052 Ἴστρον
1559 2969 1827 3052 χωρίων
2045 2968 2156 3034 καὶ
2210 2963 2320 3034 διά
2373 2991 2442 3034 τε
2489 2974 2607 3052 τῆς

512 3074 720 3158 Ἀσίας
764 3080 876 3146 καὶ
942 3087 1054 3166 τῆς
1120 3078 1386 3171 Θρᾴκης
1445 3080 1750 3166 διεξῆλθε
1816 3076 2164 3165 βακχεύων
2206 3129 2220 3145 .
2246 3131 2259 3145 .
2289 3130 2303 3145 .
2351 3076 2490 3145 ἐκεῖ
2531 3079 2602 3146 δὲ

530 3188 616 3278 δὴ
657 3189 904 3271 νυκτὸς
946 3189 1093 3276 ἱεροί
1156 3216 1306 3258 τινα
1350 3188 1635 3277 ποιήσας
1682 3189 1796 3259 καὶ
1840 3193 2049 3258 ἵππον
2092 3187 2363 3271 ξύλινον
2410 3214 2601 3256 κατα-

530 3300 746 3387 χώσας
789 3299 1055 3390 ἀφανὴς
1100 3302 1400 3389 ἐγένετοξι

428 3413 860 3498 Permagnum
919 3416 1249 3500 signorum
1310 3436 1652 3481 numerum
1707 3413 1883 3498 apud
1942 3412 2389 3498 Lampridium
2434 3434 2606 3478 eom-

235 3532 650 3593 memoratum
689 3525 1011 3595 videmus:

635 3638 815 3703 Alex.
865 3638 1005 3706 Sev.
1059 3645 1156 3706 13.
1206 3646 1258 3710 1.
1350 3638 1567 3724 „quod
1626 3660 1705 3706 ea
1766 3639 1871 3704 die
1929 3644 2121 3703 natus
2177 3644 2281 3706 est
2320 3658 2450 3720 qua
2496 3637 2605 3702 de-

533 3750 794 3815 functus
841 3751 976 3817 vita
1016 3751 1291 3836 Magnus
1337 3750 1707 3817 Alexander
1750 3750 2028 3816 dieitur“
2074 3749 2186 3835 (ib.
2232 3755 2287 3815 5.
2333 3750 2399 3833 2)

741 3862 954 3947 „quod
998 3863 1064 3928 in
1111 3863 1355 3948 templo
1402 3863 1541 3930 eius
1584 3868 1798 3928 mater
1842 3862 2034 3927 enixa
2078 3865 2217 3927 est“
2272 3860 2385 3946 (ib.
2435 3867 2491 3927 5.
2543 3862 2607 3945 1)

737 3974 953 4058 „quod
997 3975 1202 4060 ipsius
1245 3996 1479 4041 nomen
1522 3975 1816 4060 aooepit“
1858 3972 1972 4059 (ib.
2023 3979 2078 4041 5.
2129 3975 2193 4059 1)

739 4087 953 4171 „quod
1002 4108 1192 4154 ovum
1234 4087 1549 4172 purpurei
1611 4086 1845 4152 eoloris
1913 4086 2143 4152 eadem
2201 4085 2307 4151 die
2380 4090 2609 4151 natum

535 4219 667 4282 qua
710 4198 819 4263 ille
864 4203 1056 4265 natus
1103 4204 1204 4265 est
1246 4197 1694 4284 palumbinum
1740 4197 2000 4264 anicula
2045 4197 2369 4281 quaedam
2413 4197 2610 4263 matri

533 4312 672 4376 eius
719 4310 991 4394 optulit3
1048 4332 1129 4376 ex
1191 4332 1319 4394 quo
1366 4309 1629 4394 quidem
1681 4309 2063 4394 haruspices
2107 4309 2444 4389 dixerunt,
2489 4309 2608 4373 im-
