3167 5067
1201 315 1632 373 -9-

216 485 467 562 vimus,
545 482 631 547 ad
687 481 867 546 illam
928 482 1406 565 superstitionis
1468 481 2011 563 contemptionem
2073 480 2473 563 pervenisse,
2535 482 2610 544 ut

214 593 389 658 nihil
432 593 753 659 ominibus
797 598 996 677 atque
1039 593 1304 659 somniis
1348 593 1688 658 tribueret.

433 817 772 900 Sequitur,
823 823 900 882 ut
945 817 1257 882 nonnulla
1300 818 1498 895 facta,
1546 837 1716 899 quae
1761 815 2041 880 maxime
2092 815 2413 881 ominibus
2459 837 2607 898 pro-

217 934 452 993 creata
508 928 697 993 nobis
759 929 1092 1009 videntur,
1153 949 1639 1007 enumeremuS,
1703 927 1874 992 unde
1937 927 2226 1005 eluceat,
2292 932 2606 1010 quantum

215 1041 444 1105 omina
488 1045 648 1104 tunc
690 1041 1030 1105 valuerint.

431 1151 555 1217 Dio
579 1152 630 1236 1)
671 1159 901 1218 narrat
932 1152 1262 1218 Tiberium
1293 1152 1379 1217 ab
1414 1174 1557 1217 eam
1589 1151 1869 1215 maxime
1901 1172 2163 1215 causam
2204 1150 2368 1215 Gaio
2401 1151 2608 1233 magis

213 1263 460 1328 favisse
485 1314 501 1345 ,
564 1284 759 1346 quam
819 1264 1081 1330 Tiberio
1140 1266 1339 1330 Drusi
1394 1264 1564 1344 filio,
1640 1263 1814 1346 quod
1868 1263 2238 1328 futurorum
2298 1262 2608 1345 providus

222 1374 466 1440 Gaium
512 1376 685 1441 hunc
731 1377 1095 1441 occisurum
1138 1398 1277 1441 esse
1331 1377 1644 1441 scivisset.

432 1486 744 1570 Caligula,
787 1488 900 1571 qui
942 1493 1173 1571 postea
1217 1510 1258 1552 a
1301 1488 1524 1553 Cassio
1559 1488 1853 1553 Chaerea
1881 1486 2132 1551 occisus
2179 1490 2296 1565 est,
2340 1485 2605 1549 oraculo

214 1598 632 1678 terrebatur,
676 1599 851 1681 quod
894 1601 1177 1679 monuit,
1221 1605 1296 1664 ut
1340 1599 1633 1664 Cassium
1681 1603 1958 1666 caveret.
2047 1599 2280 1681 Itaque
2328 1597 2402 1661 G.
2451 1597 2602 1661 Cas-

209 1710 389 1774 sium
460 1709 821 1793 Longinum
894 1711 1089 1776 Asiae
1156 1715 1294 1775 tum
1364 1711 1819 1794 proconsulem
1896 1711 2182 1774 vinctum
2250 1708 2604 1786 arcessivit,

212 1820 585 1886 arbitratus
634 1821 719 1886 ad
779 1823 960 1887 illum
1019 1827 1318 1906 spectare
1394 1823 1761 1902 oraculum,
1820 1821 1994 1906 quod
2051 1821 2162 1886 ille
2206 1819 2518 1903 originem
2566 1840 2607 1883 a

211 1932 465 2011 Cassio,
509 1933 930 1998 interfectore
975 1934 1291 2014 Caesaris,
1339 1934 1609 1999 duceret
1631 1934 1703 2018 2).

164 2041 167 2046 ’
427 2043 601 2108 Nero
677 2044 762 2109 ab
819 2045 1119 2129 Apolline
1172 2045 1489 2128 Delphico
1570 2046 2119 2129 septuagesimum
2178 2064 2257 2108 ac
2331 2043 2600 2109 tertium

209 2176 461 2220 annum
506 2155 632 2220 sibi
678 2157 1036 2221 cavendum
1082 2177 1224 2222 esse
1265 2157 1546 2236 audivit,
1610 2178 1689 2222 ex
1733 2178 1861 2240 quo
1907 2155 2192 2234 oraculo,
2235 2155 2423 2238 quasi
2466 2156 2604 2218 tum

209 2267 479 2331 demum
540 2267 838 2332 obiturus
901 2289 1083 2353 spem
1143 2269 1496 2334 senectutis
1544 2274 1611 2333 et
1665 2273 2026 2352 perpetuae
2069 2266 2407 2331 felicitatis
2455 2287 2603 2329 con-

211 2378 396 2459 cepit
417 2377 490 2463 3).
578 2378 724 2443 Non
767 2386 870 2444 est
912 2380 1363 2460 dubitandum,
1409 2381 1566 2463 quin
1609 2380 1785 2444 illius
1830 2378 2310 2444 vaticinationis
2342 2377 2603 2457 fiducia,

209 2510 351 2554 una
389 2510 533 2553 cum
565 2491 710 2555 aliis
741 2491 1094 2557 levioribus
1126 2493 1344 2576 signiS,
1382 2491 1654 2557 multum
1689 2491 2005 2570 attulerit,
2033 2494 2107 2554 ut
2137 2489 2310 2553 Nero
2348 2488 2603 2554 Galliae

208 2605 434 2665 motus
482 2607 550 2665 et
594 2601 976 2668 seditionem
1006 2604 1315 2683 Vindicis,
1361 2604 1532 2668 unde
1574 2604 1877 2667 interitus
1906 2602 2031 2666 sibi
2057 2607 2289 2684 postea
2335 2601 2604 2678 exstitit,

207 2712 404 2776 initio
450 2717 587 2777 tam
633 2714 820 2797 parvi
861 2714 1170 2779 habuerit
1181 2714 1257 2798 4).

428 2823 709 2889 Galbam
752 2847 859 2891 res
897 2847 1098 2891 novas
1126 2831 1558 2911 temptantem
1599 2830 1665 2891 et
1707 2826 2146 2910 principatum
2186 2823 2605 2889 affectantem

209 2934 399 3000 nulla
443 2956 517 2999 re
548 2941 892 3021 tantopere
926 2938 1380 3003 confirmatum
1412 2959 1553 3003 esse
1586 2937 1933 3002 Suetonius
1954 2936 2006 3020 5)
2056 2935 2358 3015 affirmat,
2404 2956 2602 3018 quam

205 3046 431 3111 mulae
486 3053 718 3130 partU,
791 3069 983 3131 quem
1054 3071 1174 3132 pro
1246 3049 1604 3115 laetissimo
1668 3050 1881 3113 omine
1951 3049 2315 3132 accepisset
2369 3046 2601 3127 Galba,

208 3157 394 3241 quod
441 3158 769 3240 quondam
811 3182 989 3239 avus,
1036 3162 1141 3225 cui
1180 3161 1481 3244 prodigio
1527 3160 1705 3225 facto
1743 3181 2126 3244 responsum
2172 3163 2345 3224 esset
2385 3164 2602 3243 poste-

205 3290 324 3333 ros
371 3290 691 3334 summum
734 3271 1082 3355 imperium
1125 3277 1480 3337 nancturos
1539 3292 1709 3352 esse,
1764 3271 2106 3336 edidisset:
2170 3270 2409 3351 „Sane,
2456 3291 2601 3334 cum

205 3380 394 3445 mula
435 3383 809 3465 pepereriti‘
900 3383 1208 3449 Eiusdem
1272 3383 1523 3449 Galbae
1583 3374 1792 3465 anxii,
1858 3404 2004 3448 cum
2048 3404 2089 3448 a
2131 3383 2388 3447 Nerone
2436 3381 2602 3446 clam

428 3640 479 3706 1)
518 3638 741 3693 LVIII.
778 3642 863 3694 23.
904 3644 1039 3695 1-3
1060 3662 1073 3709 ;
1112 3642 1180 3696 ef.
1218 3642 1387 3696 etiam
1425 3640 1558 3694 Tac.
1598 3660 1722 3694 ann.
1761 3639 1866 3695 VI.
1900 3643 1985 3695 46.

422 3725 478 3792 2)
518 3723 672 3777 Suet.
713 3725 884 3794 Calig.
922 3728 1021 3792 573
1058 3727 1170 3780 Dio
1206 3726 1362 3779 LIX.
1398 3729 1481 3780 29.
1518 3730 1567 3780 3.

421 3811 476 3878 3)
515 3809 671 3863 Suet.
707 3809 860 3864 Nero
896 3813 995 3878 40,
1051 3813 1097 3865 si
1133 3812 1256 3880 quis
1293 3816 1517 3866 censeat
1552 3813 1788 3880 talibus,
1827 3814 2010 3882 qualia
2046 3813 2115 3867 de
2152 3812 2363 3867 Tiberii
2400 3817 2457 3866 et
2498 3810 2603 3865 Gai

206 3896 608 3965 superstitione
647 3915 816 3965 supra
850 3898 1255 3972 rettulerimus,
1310 3898 1446 3949 nihil
1480 3915 1647 3966 posse
1687 3899 2071 3966 demonstrari,
2113 3899 2263 3968 quod
2297 3899 2423 3952 illae
2461 3899 2603 3951 duae

205 3982 560 4036 narrationes
599 3981 834 4036 fortasse
870 3988 1067 4051 postea
1101 3983 1267 4037 fictae
1306 3984 1445 4051 sint,
1504 3984 1845 4038 contendere
1894 4002 2217 4054 possumus,
2270 3985 2379 4038 hoc
2418 4002 2600 4038 exem-

206 4068 368 4137 plum
408 4068 619 4136 optimo
654 4068 775 4121 iure
827 4087 860 4121 a
913 4070 1074 4123 nobis
1126 4069 1436 4123 adhibitum
1475 4087 1626 4145 esse,
1682 4088 1809 4123 nam
1860 4072 1904 4123 si
1958 4076 2156 4140 postea
2203 4070 2399 4124 fictum
2436 4074 2599 4137 esset,

208 4158 368 4207 certe
405 4171 517 4206 non
555 4170 760 4205 annum
796 4156 1266 4224 septuagesimum
1301 4156 1560 4225 tertium,
1621 4158 1720 4214 sed
1775 4174 1930 4226 eum,
1987 4175 2097 4226 quo
2152 4175 2213 4211 re
2265 4174 2397 4211 vera
2441 4155 2600 4218 -Nero

207 4238 397 4310 periit,
434 4239 782 4292 nominatum
820 4255 940 4293 esse
976 4241 1328 4295 arbitramur.

418 4326 474 4393 4)
513 4323 667 4377 Suet.
704 4322 857 4378 Nero
894 4327 978 4378 40.
1015 4329 1100 4378 41.

418 4410 474 4478 5)
513 4407 698 4465 Galba
729 4411 782 4463 4.
