3167 5067
1423 348 1854 407 -78-

863 514 1034 578 Max.
1081 518 1148 578 et
1190 513 1376 578 Balb.
1424 520 1478 578 5.
1543 518 1601 590 3,
1642 518 1700 577 4.
1791 519 1985 592 „nato
2043 512 2329 577 Maximo
2394 533 2657 577 carnem
2717 511 2846 577 bu-

759 625 998 705 bulam,
1051 631 1118 691 et
1160 625 1423 708 quidem
1460 624 1750 704 multam,
1797 625 2020 707 aquila
2059 625 2128 689 in
2173 624 2340 690 cella
2367 644 2590 689 eorum
2622 625 2847 708 proie-

762 739 925 803 cisse
969 737 1199 818 fertur,
1245 758 1413 821 quae
1443 740 1720 820 angusto
1751 736 2027 820 patebat
2067 736 2375 821 inpluvi0,
2414 736 2848 820 eandemque,

763 872 905 915 cum
967 851 1216 914 iaceret
1273 869 1484 932 neque
1545 849 1891 932 quisquam
1950 848 2289 932 adtingere
2347 848 2623 913 auderet
2684 847 2845 913 reli-

762 962 971 1045 gionis
1015 962 1284 1040 timore,
1330 962 1568 1025 iterum
1614 960 1954 1025 sustulisse
2000 966 2066 1025 et
2106 961 2175 1025 in
2217 961 2588 1045 proximum
2632 962 2844 1025 sacel-

757 1075 911 1154 lum,
957 1073 1131 1156 quod
1167 1078 1311 1138 erat
1341 1073 1510 1138 Iovis
1539 1072 1902 1152 Praestitis‚
1950 1072 2277 1138 detulisse.
2328 1073 2398 1137 id
2429 1094 2507 1138 eo
2537 1078 2844 1157 tempore

761 1186 923 1251 nihil
977 1187 1186 1251 visum
1254 1191 1354 1251 est
1422 1185 1652 1250 ominis
1718 1184 2000 1264 habere,
2067 1184 2184 1249 sed
2247 1206 2377 1250 non
2440 1186 2579 1250 sine
2640 1207 2846 1249 causa

761 1299 1005 1364 factum
1046 1297 1352 1382 probavit
1397 1297 1780 1380 imperiumi‘

658 1522 849 1608 Apud
895 1522 1417 1606 Philippum,
1465 1521 1843 1600 Decium,
1892 1520 2222 1585 Gallum
2282 1520 2500 1585 omina
2553 1541 2685 1584 non
2730 1542 2844 1586 oc-

452 1639 741 1700 currunt.

1377 1919 1910 1985 Valerianus.

655 2082 1032 2167 Prodigium
1074 2083 1407 2149 Valeriani
1450 2083 1867 2167 imperatoris
1911 2086 2130 2147 aetate
2174 2081 2454 2161 factum,
2502 2081 2679 2165 quod
2722 2088 2847 2146 aut

449 2195 536 2259 ad
593 2196 952 2280 principem
1017 2201 1134 2261 aut
1190 2195 1276 2260 ad
1337 2195 1707 2260 Gallienum
1764 2194 2111 2261 Caesarem
2172 2198 2290 2259 aut
2346 2194 2432 2258 ad
2485 2199 2844 2278 utrumque

450 2312 724 2391 spectat,
769 2306 855 2372 ab
898 2307 1162 2372 Aurelio
1208 2308 1471 2374 Victore
1516 2307 1839 2373 traditur:

865 2418 1046 2484 Caes.
1095 2425 1194 2485 32.
1283 2419 1483 2499 „Eius
1528 2417 1918 2504 (Valeriani)
1973 2418 2178 2484 filium
2224 2419 2593 2484 Gallienum
2636 2418 2844 2484 Sena-

760 2535 867 2595 tus
923 2531 1271 2597 Caesarem
1334 2536 1517 2596 creat
1531 2582 1546 2611 ,
1609 2531 1963 2615 statimque
2019 2530 2272 2596 Tiberis
2331 2531 2562 2596 adulta
2620 2535 2845 2596 aetate

762 2642 988 2708 diluvii
1041 2643 1210 2709 facie
1253 2643 1627 2716 inundavit:
1688 2643 2050 2708 Prudentes
2087 2643 2524 2727 perniciosum
2563 2642 2843 2726 Reipub.

763 2756 1076 2836 cecinere,
1122 2756 1556 2821 adolescentis
1596 2755 1773 2820 fluxo
1817 2755 2109 2839 ingeni0,
2157 2755 2313 2837 quia
2357 2755 2627 2819 Etruria
2667 2755 2845 2819 acci-

760 2872 867 2933 tus
946 2872 1246 2947 venerat,
1325 2868 1499 2933 unde
1549 2868 1758 2932 amnis
1821 2866 2232 2952 praedictus:
2300 2867 2476 2949 quod
2540 2866 2843 2949 equidem

761 2979 1099 3045 confestim
1160 2980 1391 3045 evenit.
1480 2980 1646 3044 Nam
1709 3028 1725 3044 .
1756 3028 1770 3043 .
1800 3028 1815 3043 .
1877 2979 2016 3044 eius
2075 2984 2266 3062 pater
2327 3028 2341 3042 .
2372 3029 2385 3043 .
2414 3028 2427 3043 .
2491 2978 2843 3044 Persarum

762 3093 955 3177 regis,
1002 3094 1105 3158 cui
1148 3113 1386 3158 nomen
1429 3091 1644 3176 Sapor
1685 3096 1859 3171 erat,
1905 3091 2055 3156 dolo
2106 3091 2603 3171 circumventus,
2647 3090 2843 3156 foede

761 3206 1045 3271 laniatus
1087 3205 1376 3269 interiiti‘

659 3318 758 3382 Ex
803 3317 1142 3401 scriptoris
1188 3315 1406 3382 verbis
1451 3336 1581 3380 non
1627 3315 1804 3380 clare
1848 3320 2145 3399 apparet,
2189 3315 2324 3380 utri
2366 3315 2533 3380 illud
2575 3320 2845 3399 porten-

453 3436 592 3496 tum
642 3429 983 3495 exstiterit.
1073 3428 1238 3492 Nam
1287 3449 1433 3492 cum
1480 3448 1560 3492 ex
1605 3427 1935 3512 prioribus
1982 3427 2198 3492 verbis
2240 3428 2497 3493 elucere
2540 3427 2848 3493 videatur

457 3541 778 3607 creditum
826 3561 967 3606 esse
1026 3540 1379 3623 perniciem
1432 3540 1526 3603 rei
1573 3540 1878 3623 publicae
1898 3590 1912 3619 ,
1973 3559 2171 3622 quam
2215 3540 2555 3604 inundatio
2600 3539 2848 3622 signifi-

455 3654 730 3734 caverit,
793 3674 829 3718 e
890 3651 1170 3717 Gallieni
1230 3651 1444 3731 „fluxo
1507 3652 1807 3734 ingeni0“
1868 3651 2184 3734 originem
2263 3673 2403 3718 esse
2482 3653 2851 3732 ducturam,

451 3771 683 3850 postea
726 3765 1060 3831 Valeriani
1091 3764 1426 3829 interitum
1477 3764 1689 3828 omine
1723 3768 2086 3828 memorato
2121 3765 2655 3848 praenuntiatum
2703 3784 2853 3829 esse

455 3877 905 3963 comperimus.

663 4101 856 4185 Apud
901 4098 1389 4165 Gallienum
1437 4120 1711 4183 eosque,
1758 4099 1870 4182 qui
1913 4099 2294 4181 triginta
2337 4102 2690 4185 tyranni
2736 4123 2857 4166 no-

455 4213 689 4278 minari
740 4213 969 4290 solent,
1021 4211 1199 4275 nulla
1242 4211 1659 4277 inveniuntur
1706 4212 1937 4274 omina.
