<?xml version="1.0" encoding="UTF-8"?>
<!DOCTYPE html PUBLIC "-//W3C//DTD XHTML 1.0 Transitional//EN"
    "http://www.w3.org/TR/xhtml1/DTD/xhtml1-transitional.dtd">
<html xmlns="http://www.w3.org/1999/xhtml" xml:lang="en" lang="en">
 <head>
  <title>
</title>
<meta http-equiv="Content-Type" content="text/html;charset=utf-8" />
  <meta name='ocr-system' content='tesseract 3.04.00' />
  <meta name='ocr-capabilities' content='ocr_page ocr_carea ocr_par ocr_line ocrx_word'/>
</head>
<body>
  <div class='ocr_page' id='page_1' title='image "./deominibusquaea00wagngoog_0012.png"; bbox 0 0 3167 5067; ppageno 0'>
   <div class='ocr_carea' id='block_1_1' title="bbox 1406 319 1842 380">
    <p class='ocr_par' dir='ltr' id='par_1_1' title="bbox 1406 319 1842 380">
     <span class='ocr_line' id='line_1_1' title="bbox 1406 319 1842 380; baseline -0.002 -17"><span class='ocrx_word' id='word_1_1' title='bbox 1406 319 1842 380; x_wconf 53' lang='lat'>„3-</span> 
     </span>
    </p>
   </div>
   <div class='ocr_carea' id='block_1_2' title="bbox 440 484 2831 572">
    <p class='ocr_par' dir='ltr' id='par_1_2' title="bbox 440 484 2831 572">
     <span class='ocr_line' id='line_1_2' title="bbox 440 484 2831 572; baseline -0.001 -22"><span class='ocrx_word' id='word_1_2' title='bbox 440 484 713 551; x_wconf 90' lang='lat' dir='ltr'>inveniri</span> <span class='ocrx_word' id='word_1_3' title='bbox 772 484 1016 567; x_wconf 89' lang='lat' dir='ltr'>possit,</span> <span class='ocrx_word' id='word_1_4' title='bbox 1083 484 1255 549; x_wconf 91' lang='lat' dir='ltr'>unde</span> <span class='ocrx_word' id='word_1_5' title='bbox 1312 484 1657 572; x_wconf 91' lang='lat' dir='ltr'>perspicue</span> <span class='ocrx_word' id='word_1_6' title='bbox 1716 484 1971 550; x_wconf 79' lang='lat' dir='ltr'>eluceat</span> <span class='ocrx_word' id='word_1_7' title='bbox 2033 507 2179 551; x_wconf 92' lang='lat' dir='ltr'>eum</span> <span class='ocrx_word' id='word_1_8' title='bbox 2239 485 2562 551; x_wconf 89' lang='lat' dir='ltr'>ominibus</span> <span class='ocrx_word' id='word_1_9' title='bbox 2624 490 2831 567; x_wconf 86' lang='lat' dir='ltr'>atque</span> 
     </span>
    </p>
   </div>
   <div class='ocr_carea' id='block_1_3' title="bbox 436 594 2828 1241">
    <p class='ocr_par' dir='ltr' id='par_1_3' title="bbox 440 594 1446 682">
     <span class='ocr_line' id='line_1_3' title="bbox 440 594 1446 682; baseline -0.001 -22"><span class='ocrx_word' id='word_1_10' title='bbox 440 595 757 682; x_wconf 88' lang='lat' dir='ltr'>prodigiis</span> <span class='ocrx_word' id='word_1_11' title='bbox 801 595 1075 661; x_wconf 90' lang='lat' dir='ltr'>multum</span> <span class='ocrx_word' id='word_1_12' title='bbox 1119 594 1446 661; x_wconf 80' lang='lat' dir='ltr'>tribuisse.</span> 
     </span>
    </p>

    <p class='ocr_par' dir='ltr' id='par_1_4' title="bbox 436 706 2828 1241">
     <span class='ocr_line' id='line_1_4' title="bbox 647 706 2828 794; baseline -0.002 -18"><span class='ocrx_word' id='word_1_13' title='bbox 647 707 881 776; x_wconf 80' lang='lat' dir='ltr'><strong>Paucis</strong></span> <span class='ocrx_word' id='word_1_14' title='bbox 935 706 1064 773; x_wconf 87' lang='lat' dir='ltr'>illis</span> <span class='ocrx_word' id='word_1_15' title='bbox 1115 706 1277 772; x_wconf 89' lang='lat' dir='ltr'>locis</span> <span class='ocrx_word' id='word_1_16' title='bbox 1318 744 1406 756; x_wconf 92' lang='lat'><strong>—</strong></span> <span class='ocrx_word' id='word_1_17' title='bbox 1449 708 1502 773; x_wconf 93' lang='lat' dir='ltr'>si</span> <span class='ocrx_word' id='word_1_18' title='bbox 1564 729 1712 774; x_wconf 93' lang='lat' dir='ltr'>eum</span> <span class='ocrx_word' id='word_1_19' title='bbox 1755 729 1900 773; x_wconf 89' lang='lat' dir='ltr'>cum</span> <span class='ocrx_word' id='word_1_20' title='bbox 1944 709 2149 773; x_wconf 90' lang='lat' dir='ltr'>Dione</span> <span class='ocrx_word' id='word_1_21' title='bbox 2210 729 2671 794; x_wconf 79' lang='lat' dir='ltr'><strong>componamus</strong></span> <span class='ocrx_word' id='word_1_22' title='bbox 2724 746 2790 754; x_wconf 76' lang='grc'><strong>-</strong></span> <span class='ocrx_word' id='word_1_23' title='bbox 2812 757 2828 788; x_wconf 89' lang='grc'><strong><em>,</em></strong></span> 
     </span>
     <span class='ocr_line' id='line_1_5' title="bbox 439 817 2825 903; baseline -0.002 -16"><span class='ocrx_word' id='word_1_24' title='bbox 439 818 556 887; x_wconf 91' lang='lat' dir='ltr'>ubi</span> <span class='ocrx_word' id='word_1_25' title='bbox 594 818 1007 884; x_wconf 91' lang='lat' dir='ltr'>Herodianus</span> <span class='ocrx_word' id='word_1_26' title='bbox 1051 818 1268 883; x_wconf 89' lang='lat' dir='ltr'>omina</span> <span class='ocrx_word' id='word_1_27' title='bbox 1314 817 1539 896; x_wconf 87' lang='lat' dir='ltr'>affert,</span> <span class='ocrx_word' id='word_1_28' title='bbox 1595 819 1978 903; x_wconf 89' lang='lat' dir='ltr'>plerumque</span> <span class='ocrx_word' id='word_1_29' title='bbox 2026 820 2146 884; x_wconf 87' lang='lat' dir='ltr'>tali</span> <span class='ocrx_word' id='word_1_30' title='bbox 2183 820 2391 885; x_wconf 88' lang='lat' dir='ltr'>utitur</span> <span class='ocrx_word' id='word_1_31' title='bbox 2436 820 2825 899; x_wconf 80' lang='lat' dir='ltr'>elocutione,</span> 
     </span>
     <span class='ocr_line' id='line_1_6' title="bbox 440 929 2823 1018; baseline -0 -22"><span class='ocrx_word' id='word_1_32' title='bbox 440 936 515 996; x_wconf 93' lang='lat' dir='ltr'>ut</span> <span class='ocrx_word' id='word_1_33' title='bbox 558 951 638 995; x_wconf 86' lang='lat' dir='ltr'>ex</span> <span class='ocrx_word' id='word_1_34' title='bbox 684 930 823 996; x_wconf 87' lang='lat' dir='ltr'>eius</span> <span class='ocrx_word' id='word_1_35' title='bbox 867 929 1082 996; x_wconf 87' lang='lat' dir='ltr'>verbis</span> <span class='ocrx_word' id='word_1_36' title='bbox 1124 929 1418 1014; x_wconf 79' lang='lat' dir='ltr'>intellegi</span> <span class='ocrx_word' id='word_1_37' title='bbox 1470 951 1600 995; x_wconf 90' lang='lat' dir='ltr'>non</span> <span class='ocrx_word' id='word_1_38' title='bbox 1643 931 1879 1015; x_wconf 77' lang='lat' dir='ltr'>possit,</span> <span class='ocrx_word' id='word_1_39' title='bbox 1939 937 2159 996; x_wconf 88' lang='lat' dir='ltr'>utrum</span> <span class='ocrx_word' id='word_1_40' title='bbox 2212 932 2354 1018; x_wconf 90' lang='lat' dir='ltr'>ipse</span> <span class='ocrx_word' id='word_1_41' title='bbox 2420 932 2645 996; x_wconf 84' lang='lat' dir='ltr'>futura</span> <span class='ocrx_word' id='word_1_42' title='bbox 2686 931 2823 995; x_wconf 90' lang='lat' dir='ltr'>illis</span> 
     </span>
     <span class='ocr_line' id='line_1_7' title="bbox 438 1040 2825 1128; baseline 0.002 -21"><span class='ocrx_word' id='word_1_43' title='bbox 438 1040 753 1125; x_wconf 84' lang='lat' dir='ltr'>prodigiis</span> <span class='ocrx_word' id='word_1_44' title='bbox 815 1062 956 1108; x_wconf 87' lang='lat' dir='ltr'>esse</span> <span class='ocrx_word' id='word_1_45' title='bbox 1013 1041 1476 1128; x_wconf 88' lang='lat' dir='ltr'>praenuntiata</span> <span class='ocrx_word' id='word_1_46' title='bbox 1537 1042 1922 1122; x_wconf 75' lang='lat' dir='ltr'>crediderit,</span> <span class='ocrx_word' id='word_1_47' title='bbox 1986 1063 2218 1122; x_wconf 89' lang='lat' dir='ltr'>necne,</span> <span class='ocrx_word' id='word_1_48' title='bbox 2276 1049 2353 1107; x_wconf 90' lang='lat' dir='ltr'>ut</span> <span class='ocrx_word' id='word_1_49' title='bbox 2394 1044 2442 1108; x_wconf 99' lang='grc' dir='ltr'>Ι.</span> <span class='ocrx_word' id='word_1_50' title='bbox 2493 1049 2591 1109; x_wconf 90' lang='lat'>14.</span> <span class='ocrx_word' id='word_1_51' title='bbox 2647 1047 2682 1106; x_wconf 82' lang='lat'><strong>2</strong></span> <span class='ocrx_word' id='word_1_52' title='bbox 2742 1043 2825 1114; x_wconf 89' lang='grc' dir='ltr'>τὸ</span> 
     </span>
     <span class='ocr_line' id='line_1_8' title="bbox 436 1149 2818 1241; baseline 0.001 -20"><span class='ocrx_word' id='word_1_53' title='bbox 436 1153 751 1241; x_wconf 82' lang='grc' dir='ltr'><strong><em>μέγιστον</em></strong></span> <span class='ocrx_word' id='word_1_54' title='bbox 794 1154 866 1222; x_wconf 79' lang='grc' dir='ltr'>δὲ</span> <span class='ocrx_word' id='word_1_55' title='bbox 911 1150 1170 1234; x_wconf 88' lang='grc' dir='ltr'><strong><em>δεινόν,</em></strong></span> <span class='ocrx_word' id='word_1_56' title='bbox 1215 1149 1252 1222; x_wconf 79' lang='grc' dir='ltr'>ὃ</span> <span class='ocrx_word' id='word_1_57' title='bbox 1298 1206 1311 1220; x_wconf 92' lang='grc'><strong>.</strong></span> <span class='ocrx_word' id='word_1_58' title='bbox 1339 1206 1352 1220; x_wconf 95' lang='grc'><strong>.</strong></span> <span class='ocrx_word' id='word_1_59' title='bbox 1380 1206 1393 1221; x_wconf 94' lang='grc'><strong>.</strong></span> <span class='ocrx_word' id='word_1_60' title='bbox 1441 1152 1608 1238; x_wconf 89' lang='grc' dir='ltr'><strong><em>πρὸς</em></strong></span> <span class='ocrx_word' id='word_1_61' title='bbox 1651 1151 1728 1222; x_wconf 84' lang='grc' dir='ltr'>τὸ</span> <span class='ocrx_word' id='word_1_62' title='bbox 1770 1154 2016 1240; x_wconf 82' lang='grc' dir='ltr'><strong><em>μέλλον</em></strong></span> <span class='ocrx_word' id='word_1_63' title='bbox 2053 1157 2444 1241; x_wconf 80' lang='grc' dir='ltr'><strong><em>οἰωνίσματι</em></strong></span> <span class='ocrx_word' id='word_1_64' title='bbox 2486 1155 2598 1222; x_wconf 90' lang='grc' dir='ltr'>καὶ</span> <span class='ocrx_word' id='word_1_65' title='bbox 2645 1158 2818 1241; x_wconf 49' lang='grc' dir='ltr'>φαύη</span> 
     </span>
    </p>
   </div>
   <div class='ocr_carea' id='block_1_4' title="bbox 437 1262 2876 1358">
    <p class='ocr_par' dir='ltr' id='par_1_5' title="bbox 437 1262 2876 1358">
     <span class='ocr_line' id='line_1_9' title="bbox 437 1262 2876 1358; baseline 0 -23"><span class='ocrx_word' id='word_1_66' title='bbox 437 1272 531 1355; x_wconf 83' lang='grc' dir='ltr'>λω</span> <span class='ocrx_word' id='word_1_67' title='bbox 577 1262 886 1358; x_wconf 77' lang='grc' dir='ltr'><strong><em>συμβόλῳ</em></strong></span> <span class='ocrx_word' id='word_1_68' title='bbox 930 1265 1312 1351; x_wconf 80' lang='grc' dir='ltr'><strong><em>χρωμένους</em></strong></span> <span class='ocrx_word' id='word_1_69' title='bbox 1362 1264 1616 1345; x_wconf 91' lang='grc' dir='ltr'><strong><em>πάντας</em></strong></span> <span class='ocrx_word' id='word_1_70' title='bbox 1661 1263 1975 1351; x_wconf 77' lang='grc' dir='ltr'><strong><em>ἐτάραξεν</em></strong></span> <span class='ocrx_word' id='word_1_71' title='bbox 2029 1265 2131 1331; x_wconf 91' lang='lat' dir='ltr'>vel</span> <span class='ocrx_word' id='word_1_72' title='bbox 2173 1267 2221 1331; x_wconf 97' lang='lat' dir='ltr'>I.</span> <span class='ocrx_word' id='word_1_73' title='bbox 2266 1271 2361 1330; x_wconf 90' lang='lat'>14.</span> <span class='ocrx_word' id='word_1_74' title='bbox 2403 1272 2439 1331; x_wconf 90' lang='grc'><strong>6</strong></span> <span class='ocrx_word' id='word_1_75' title='bbox 2489 1263 2658 1335; x_wconf 80' lang='grc' dir='ltr'><strong><em>ὅθεν</em></strong></span> <span class='ocrx_word' id='word_1_76' title='bbox 2707 1269 2823 1335; x_wconf 87' lang='grc' dir='ltr'>καὶ</span> <span class='ocrx_word' id='word_1_77' title='bbox 2858 1335 2876 1352; x_wconf 62' lang='lat'>,</span> 
     </span>
    </p>
   </div>
   <div class='ocr_carea' id='block_1_5' title="bbox 424 1373 2824 4363">
    <p class='ocr_par' dir='ltr' id='par_1_6' title="bbox 433 1373 2824 2243">
     <span class='ocr_line' id='line_1_10' title="bbox 437 1373 2824 1472; baseline 0 -27"><span class='ocrx_word' id='word_1_78' title='bbox 437 1374 516 1446; x_wconf 89' lang='grc' dir='ltr'>τὸ</span> <span class='ocrx_word' id='word_1_79' title='bbox 561 1385 696 1444; x_wconf 82' lang='grc' dir='ltr'><strong><em>πᾶν</em></strong></span> <span class='ocrx_word' id='word_1_80' title='bbox 737 1376 939 1462; x_wconf 80' lang='grc' dir='ltr'><strong><em>ἔργον</em></strong></span> <span class='ocrx_word' id='word_1_81' title='bbox 983 1375 1907 1464; x_wconf 80' lang='grc' dir='ltr'><strong><em>ἐξεθειάσθη,.πιστευόντων</em></strong></span> <span class='ocrx_word' id='word_1_82' title='bbox 1945 1373 2081 1444; x_wconf 88' lang='grc' dir='ltr'><strong><em>κατ’</em></strong></span> <span class='ocrx_word' id='word_1_83' title='bbox 2132 1378 2347 1472; x_wconf 82' lang='grc' dir='ltr'><strong><em>ἐκεῖνο</em></strong></span> <span class='ocrx_word' id='word_1_84' title='bbox 2397 1386 2640 1461; x_wconf 84' lang='grc' dir='ltr'><strong><em>καιροῦ</em></strong></span> <span class='ocrx_word' id='word_1_85' title='bbox 2680 1387 2824 1446; x_wconf 80' lang='grc' dir='ltr'>τῶν</span> 
     </span>
     <span class='ocr_line' id='line_1_11' title="bbox 436 1483 2824 1576; baseline 0 -19"><span class='ocrx_word' id='word_1_86' title='bbox 436 1487 586 1557; x_wconf 84' lang='grc' dir='ltr'><strong><em>τότε</em></strong></span> <span class='ocrx_word' id='word_1_87' title='bbox 637 1483 1061 1573; x_wconf 77' lang='grc' dir='ltr'><strong><em>ἀνθρώπων,</em></strong></span> <span class='ocrx_word' id='word_1_88' title='bbox 1120 1484 1224 1555; x_wconf 83' lang='grc' dir='ltr'>ὅτι</span> <span class='ocrx_word' id='word_1_89' title='bbox 1278 1486 1510 1576; x_wconf 81' lang='grc' dir='ltr'><strong><em>γνώμῃ</em></strong></span> <span class='ocrx_word' id='word_1_90' title='bbox 1572 1496 1759 1556; x_wconf 80' lang='grc' dir='ltr'><strong><em>θεῶν</em></strong></span> <span class='ocrx_word' id='word_1_91' title='bbox 1807 1491 1918 1556; x_wconf 90' lang='grc' dir='ltr'>καὶ</span> <span class='ocrx_word' id='word_1_92' title='bbox 1974 1487 2256 1575; x_wconf 82' lang='grc' dir='ltr'><strong><em>δυνάμει</em></strong></span> <span class='ocrx_word' id='word_1_93' title='bbox 2311 1485 2553 1575; x_wconf 78' lang='grc' dir='ltr'><strong><em>ἤρξατό</em></strong></span> <span class='ocrx_word' id='word_1_94' title='bbox 2610 1514 2679 1556; x_wconf 99' lang='grc' dir='ltr'><strong><em>τε</em></strong></span> <span class='ocrx_word' id='word_1_95' title='bbox 2742 1487 2824 1557; x_wconf 90' lang='grc' dir='ltr'>τὸ</span> 
     </span>
     <span class='ocr_line' id='line_1_12' title="bbox 436 1596 2818 1687; baseline 0 -19"><span class='ocrx_word' id='word_1_96' title='bbox 436 1607 572 1683; x_wconf 85' lang='grc' dir='ltr'><strong><em>πῦρ</em></strong></span> <span class='ocrx_word' id='word_1_97' title='bbox 642 1599 755 1667; x_wconf 89' lang='grc' dir='ltr'>καὶ</span> <span class='ocrx_word' id='word_1_98' title='bbox 829 1596 1181 1667; x_wconf 82' lang='grc' dir='ltr'><strong><em>ἐπαύσατο.</em></strong></span> <span class='ocrx_word' id='word_1_99' title='bbox 1259 1598 1749 1686; x_wconf 82' lang='grc' dir='ltr'><strong><em>συνεβάλλοντο</em></strong></span> <span class='ocrx_word' id='word_1_100' title='bbox 1807 1601 1878 1668; x_wconf 83' lang='grc' dir='ltr'>δέ</span> <span class='ocrx_word' id='word_1_101' title='bbox 1938 1626 2113 1679; x_wconf 86' lang='grc' dir='ltr'><strong><em>τινες</em></strong></span> <span class='ocrx_word' id='word_1_102' title='bbox 2169 1599 2476 1686; x_wconf 84' lang='grc' dir='ltr'><strong><em>πολέμων</em></strong></span> <span class='ocrx_word' id='word_1_103' title='bbox 2536 1609 2818 1687; x_wconf 85' lang='grc' dir='ltr'><strong><em>σημεῖον</em></strong></span> 
     </span>
     <span class='ocr_line' id='line_1_13' title="bbox 438 1707 2820 1798; baseline -0.001 -17"><span class='ocrx_word' id='word_1_104' title='bbox 438 1707 610 1781; x_wconf 80' lang='grc' dir='ltr'><strong><em>εἶναι</em></strong></span> <span class='ocrx_word' id='word_1_105' title='bbox 654 1762 668 1777; x_wconf 94' lang='grc'><strong>.</strong></span> <span class='ocrx_word' id='word_1_106' title='bbox 696 1762 750 1777; x_wconf 92' lang='grc'>..</span> <span class='ocrx_word' id='word_1_107' title='bbox 778 1763 792 1778; x_wconf 92' lang='grc'><strong>.</strong></span> <span class='ocrx_word' id='word_1_108' title='bbox 839 1709 943 1775; x_wconf 92' lang='lat' dir='ltr'>vel</span> <span class='ocrx_word' id='word_1_109' title='bbox 1000 1711 1049 1775; x_wconf 93' lang='grc' dir='ltr'>Ι.</span> <span class='ocrx_word' id='word_1_110' title='bbox 1103 1716 1200 1775; x_wconf 92' lang='grc'>14.</span> <span class='ocrx_word' id='word_1_111' title='bbox 1252 1716 1287 1774; x_wconf 91' lang='lat'><strong>7</strong></span> <span class='ocrx_word' id='word_1_112' title='bbox 1336 1708 1372 1779; x_wconf 84' lang='grc' dir='ltr'>ὁ</span> <span class='ocrx_word' id='word_1_113' title='bbox 1425 1715 1634 1797; x_wconf 84' lang='grc' dir='ltr'><strong><em>δῆμος</em></strong></span> <span class='ocrx_word' id='word_1_114' title='bbox 1679 1764 1692 1777; x_wconf 91' lang='grc'><strong>.</strong></span> <span class='ocrx_word' id='word_1_115' title='bbox 1721 1759 1780 1778; x_wconf 91' lang='grc'>..</span> <span class='ocrx_word' id='word_1_116' title='bbox 1826 1708 1942 1790; x_wconf 79' lang='grc' dir='ltr'>τὰς</span> <span class='ocrx_word' id='word_1_117' title='bbox 1986 1713 2200 1789; x_wconf 80' lang='grc' dir='ltr'><strong><em>αἰτίας</em></strong></span> <span class='ocrx_word' id='word_1_118' title='bbox 2259 1719 2399 1778; x_wconf 81' lang='grc' dir='ltr'>τῶν</span> <span class='ocrx_word' id='word_1_119' title='bbox 2443 1721 2820 1798; x_wconf 83' lang='grc' dir='ltr'><strong><em>συμφορῶν</em></strong></span> 
     </span>
     <span class='ocr_line' id='line_1_14' title="bbox 439 1816 2818 1913; baseline 0 -24"><span class='ocrx_word' id='word_1_120' title='bbox 439 1865 493 1890; x_wconf 57' lang='lat' dir='ltr'>s.</span> <span class='ocrx_word' id='word_1_121' title='bbox 523 1874 537 1888; x_wconf 93' lang='lat'><strong>.</strong></span> <span class='ocrx_word' id='word_1_122' title='bbox 587 1816 919 1907; x_wconf 81' lang='grc' dir='ltr'><strong><em>ἀνέφερεν</em></strong></span> <span class='ocrx_word' id='word_1_123' title='bbox 961 1821 1064 1887; x_wconf 93' lang='lat' dir='ltr'>vel</span> <span class='ocrx_word' id='word_1_124' title='bbox 1102 1822 1183 1889; x_wconf 93' lang='lat' dir='ltr'>II.</span> <span class='ocrx_word' id='word_1_125' title='bbox 1231 1829 1287 1887; x_wconf 89' lang='lat'>9.</span> <span class='ocrx_word' id='word_1_126' title='bbox 1340 1827 1375 1885; x_wconf 92' lang='lat'><strong>7</strong></span> <span class='ocrx_word' id='word_1_127' title='bbox 1438 1828 1786 1909; x_wconf 80' lang='grc' dir='ltr'><strong><em>Σεουῆρος</em></strong></span> <span class='ocrx_word' id='word_1_128' title='bbox 1831 1874 1844 1889; x_wconf 94' lang='grc'><strong>.</strong></span> <span class='ocrx_word' id='word_1_129' title='bbox 1874 1874 1926 1889; x_wconf 92' lang='grc'>..</span> <span class='ocrx_word' id='word_1_130' title='bbox 1974 1819 2256 1904; x_wconf 77' lang='grc' dir='ltr'><strong><em>ἐλπίζων</em></strong></span> <span class='ocrx_word' id='word_1_131' title='bbox 2314 1826 2469 1912; x_wconf 78' lang='grc' dir='ltr'><strong><em>θείᾳ</em></strong></span> <span class='ocrx_word' id='word_1_132' title='bbox 2527 1827 2818 1913; x_wconf 78' lang='grc' dir='ltr'><strong><em>προνοίᾳ</em></strong></span> 
     </span>
     <span class='ocr_line' id='line_1_15' title="bbox 436 1927 2817 2024; baseline -0.001 -20"><span class='ocrx_word' id='word_1_133' title='bbox 436 1933 544 2004; x_wconf 75' lang='grc' dir='ltr'>ἐπὶ</span> <span class='ocrx_word' id='word_1_134' title='bbox 605 1930 732 2021; x_wconf 79' lang='grc' dir='ltr'>τὴν</span> <span class='ocrx_word' id='word_1_135' title='bbox 787 1927 1000 2019; x_wconf 81' lang='grc' dir='ltr'><strong><em>ἀρχὴν</em></strong></span> <span class='ocrx_word' id='word_1_136' title='bbox 1050 1940 1395 2001; x_wconf 80' lang='grc' dir='ltr'><strong><em>καλεῖσθαι</em></strong></span> <span class='ocrx_word' id='word_1_137' title='bbox 1458 1932 1560 1998; x_wconf 88' lang='lat' dir='ltr'>vel</span> <span class='ocrx_word' id='word_1_138' title='bbox 1617 1934 1697 1997; x_wconf 91' lang='lat' dir='ltr'>Il.</span> <span class='ocrx_word' id='word_1_139' title='bbox 1741 1938 1837 1998; x_wconf 85' lang='lat'>15.</span> <span class='ocrx_word' id='word_1_140' title='bbox 1884 1939 1921 2000; x_wconf 89' lang='grc'>6</span> <span class='ocrx_word' id='word_1_141' title='bbox 1981 1934 2093 2001; x_wconf 86' lang='grc' dir='ltr'>καὶ</span> <span class='ocrx_word' id='word_1_142' title='bbox 2152 1942 2389 2020; x_wconf 86' lang='grc' dir='ltr'><strong><em>σημεῖα</em></strong></span> <span class='ocrx_word' id='word_1_143' title='bbox 2445 1937 2601 2024; x_wconf 77' lang='grc' dir='ltr'><strong><em>θεία</em></strong></span> <span class='ocrx_word' id='word_1_144' title='bbox 2660 1959 2817 2019; x_wconf 90' lang='grc' dir='ltr'><strong><em>προ-</em></strong></span> 
     </span>
     <span class='ocr_line' id='line_1_16' title="bbox 433 2042 2816 2135; baseline -0 -21"><span class='ocrx_word' id='word_1_145' title='bbox 433 2047 589 2135; x_wconf 76' lang='grc' dir='ltr'><strong><em>νοίᾳ</em></strong></span> <span class='ocrx_word' id='word_1_146' title='bbox 629 2042 919 2125; x_wconf 80' lang='grc' dir='ltr'><strong><em>δόξαντα</em></strong></span> <span class='ocrx_word' id='word_1_147' title='bbox 963 2042 1276 2124; x_wconf 83' lang='grc' dir='ltr'><strong><em>πολλάκις</em></strong></span> <span class='ocrx_word' id='word_1_148' title='bbox 1299 2053 1599 2131; x_wconf 77' lang='grc' dir='ltr'><strong><em>φανῆναι</em></strong></span> <span class='ocrx_word' id='word_1_149' title='bbox 1640 2044 1744 2110; x_wconf 89' lang='lat' dir='ltr'>vel</span> <span class='ocrx_word' id='word_1_150' title='bbox 1778 2044 1882 2110; x_wconf 92' lang='lat' dir='ltr'>VI.</span> <span class='ocrx_word' id='word_1_151' title='bbox 1906 2051 1964 2111; x_wconf 87' lang='lat'>8.</span> <span class='ocrx_word' id='word_1_152' title='bbox 1995 2051 2031 2110; x_wconf 90' lang='grc'><strong>6</strong></span> <span class='ocrx_word' id='word_1_153' title='bbox 2076 2043 2427 2131; x_wconf 88' lang='grc' dir='ltr'><strong><em>πρότερον,</em></strong></span> <span class='ocrx_word' id='word_1_154' title='bbox 2484 2042 2569 2124; x_wconf 79' lang='grc' dir='ltr'>ὡς</span> <span class='ocrx_word' id='word_1_155' title='bbox 2614 2045 2816 2131; x_wconf 75' lang='grc' dir='ltr'><strong><em>ἔλεγε,</em></strong></span> 
     </span>
     <span class='ocr_line' id='line_1_17' title="bbox 433 2156 1455 2243; baseline 0.001 -20"><span class='ocrx_word' id='word_1_156' title='bbox 433 2164 751 2243; x_wconf 77' lang='grc' dir='ltr'><strong><em>χρησμῶν</em></strong></span> <span class='ocrx_word' id='word_1_157' title='bbox 793 2208 808 2225; x_wconf 94' lang='grc'><strong>.</strong></span> <span class='ocrx_word' id='word_1_158' title='bbox 835 2209 848 2225; x_wconf 96' lang='grc'><strong>.</strong></span> <span class='ocrx_word' id='word_1_159' title='bbox 878 2210 892 2225; x_wconf 94' lang='grc'><strong>.</strong></span> <span class='ocrx_word' id='word_1_160' title='bbox 940 2156 1455 2243; x_wconf 87' lang='grc' dir='ltr'><strong><em>προειρηκότων.</em></strong></span> 
     </span>
    </p>

    <p class='ocr_par' dir='ltr' id='par_1_7' title="bbox 430 2267 2817 2913">
     <span class='ocr_line' id='line_1_18' title="bbox 639 2267 2814 2351; baseline 0 -18"><span class='ocrx_word' id='word_1_161' title='bbox 639 2267 846 2335; x_wconf 89' lang='lat' dir='ltr'>Immo</span> <span class='ocrx_word' id='word_1_162' title='bbox 916 2287 1036 2351; x_wconf 92' lang='lat' dir='ltr'>pro</span> <span class='ocrx_word' id='word_1_163' title='bbox 1101 2267 1304 2331; x_wconf 89' lang='lat' dir='ltr'>nihilo</span> <span class='ocrx_word' id='word_1_164' title='bbox 1372 2288 1519 2332; x_wconf 91' lang='lat' dir='ltr'>eum</span> <span class='ocrx_word' id='word_1_165' title='bbox 1585 2267 1849 2332; x_wconf 86' lang='lat' dir='ltr'>duxisse</span> <span class='ocrx_word' id='word_1_166' title='bbox 1908 2268 2356 2351; x_wconf 85' lang='lat' dir='ltr'>prodigiorum</span> <span class='ocrx_word' id='word_1_167' title='bbox 2419 2267 2549 2331; x_wconf 91' lang='lat' dir='ltr'>vim</span> <span class='ocrx_word' id='word_1_168' title='bbox 2615 2272 2814 2351; x_wconf 85' lang='lat' dir='ltr'>atque</span> 
     </span>
     <span class='ocr_line' id='line_1_19' title="bbox 433 2377 2815 2461; baseline 0 -18"><span class='ocrx_word' id='word_1_169' title='bbox 433 2378 897 2445; x_wconf 81' lang='lat' dir='ltr'>auctoritatem</span> <span class='ocrx_word' id='word_1_170' title='bbox 955 2377 1466 2444; x_wconf 88' lang='lat' dir='ltr'>concludendum</span> <span class='ocrx_word' id='word_1_171' title='bbox 1527 2399 1668 2443; x_wconf 90' lang='lat' dir='ltr'>esse</span> <span class='ocrx_word' id='word_1_172' title='bbox 1722 2378 1979 2444; x_wconf 89' lang='lat' dir='ltr'>videtur</span> <span class='ocrx_word' id='word_1_173' title='bbox 2056 2400 2138 2442; x_wconf 84' lang='lat' dir='ltr'>ex</span> <span class='ocrx_word' id='word_1_174' title='bbox 2206 2379 2354 2444; x_wconf 88' lang='lat' dir='ltr'>loco</span> <span class='ocrx_word' id='word_1_175' title='bbox 2415 2379 2815 2461; x_wconf 82' lang='lat' dir='ltr'>gravissimO,</span> 
     </span>
     <span class='ocr_line' id='line_1_20' title="bbox 433 2487 2814 2574; baseline -0 -18"><span class='ocrx_word' id='word_1_176' title='bbox 433 2487 568 2569; x_wconf 87' lang='lat' dir='ltr'>ubi,</span> <span class='ocrx_word' id='word_1_177' title='bbox 614 2511 761 2555; x_wconf 91' lang='lat' dir='ltr'>cum</span> <span class='ocrx_word' id='word_1_178' title='bbox 806 2489 1407 2557; x_wconf 82' lang='lat' dir='ltr'>commemoraverit</span> <span class='ocrx_word' id='word_1_179' title='bbox 1438 2489 1747 2554; x_wconf 85' lang='lat' dir='ltr'>Severum</span> <span class='ocrx_word' id='word_1_180' title='bbox 1779 2490 2043 2554; x_wconf 91' lang='lat' dir='ltr'>somniis</span> <span class='ocrx_word' id='word_1_181' title='bbox 2094 2495 2160 2555; x_wconf 88' lang='lat' dir='ltr'>et</span> <span class='ocrx_word' id='word_1_182' title='bbox 2188 2488 2511 2557; x_wconf 90' lang='lat' dir='ltr'>ominibus</span> <span class='ocrx_word' id='word_1_183' title='bbox 2557 2495 2623 2555; x_wconf 93' lang='lat' dir='ltr'>et</span> <span class='ocrx_word' id='word_1_184' title='bbox 2666 2512 2814 2574; x_wconf 91' lang='lat' dir='ltr'>pro-</span> 
     </span>
     <span class='ocr_line' id='line_1_21' title="bbox 434 2599 2817 2684; baseline 0.001 -19"><span class='ocrx_word' id='word_1_185' title='bbox 434 2599 626 2684; x_wconf 89' lang='lat' dir='ltr'>digiis</span> <span class='ocrx_word' id='word_1_186' title='bbox 670 2601 739 2667; x_wconf 91' lang='lat' dir='ltr'>in</span> <span class='ocrx_word' id='word_1_187' title='bbox 783 2621 964 2684; x_wconf 91' lang='lat' dir='ltr'>spem</span> <span class='ocrx_word' id='word_1_188' title='bbox 1008 2599 1212 2665; x_wconf 83' lang='lat' dir='ltr'>futuri</span> <span class='ocrx_word' id='word_1_189' title='bbox 1246 2600 1504 2684; x_wconf 88' lang='lat' dir='ltr'>imperii</span> <span class='ocrx_word' id='word_1_190' title='bbox 1547 2621 1689 2666; x_wconf 90' lang='lat' dir='ltr'>esse</span> <span class='ocrx_word' id='word_1_191' title='bbox 1720 2601 2090 2682; x_wconf 89' lang='lat' dir='ltr'>adductum,</span> <span class='ocrx_word' id='word_1_192' title='bbox 2141 2602 2306 2667; x_wconf 88' lang='lat' dir='ltr'>haec</span> <span class='ocrx_word' id='word_1_193' title='bbox 2350 2601 2551 2667; x_wconf 90' lang='lat' dir='ltr'>verba</span> <span class='ocrx_word' id='word_1_194' title='bbox 2590 2602 2817 2669; x_wconf 88' lang='lat' dir='ltr'>adiicit</span> 
     </span>
     <span class='ocr_line' id='line_1_22' title="bbox 430 2707 2815 2801; baseline 0.001 -23"><span class='ocrx_word' id='word_1_195' title='bbox 430 2711 511 2778; x_wconf 90' lang='lat' dir='ltr'>II.</span> <span class='ocrx_word' id='word_1_196' title='bbox 556 2718 613 2779; x_wconf 89' lang='grc'>9.</span> <span class='ocrx_word' id='word_1_197' title='bbox 660 2717 697 2778; x_wconf 91' lang='grc'><strong>3</strong></span> <span class='ocrx_word' id='word_1_198' title='bbox 772 2708 939 2796; x_wconf 81' lang='grc' dir='ltr'><strong><em>ἅπερ</em></strong></span> <span class='ocrx_word' id='word_1_199' title='bbox 985 2710 1201 2779; x_wconf 92' lang='grc' dir='ltr'><strong><em>πάντα</em></strong></span> <span class='ocrx_word' id='word_1_200' title='bbox 1246 2707 1509 2799; x_wconf 81' lang='grc' dir='ltr'><strong><em>ἀψευδῆ</em></strong></span> <span class='ocrx_word' id='word_1_201' title='bbox 1569 2713 1681 2781; x_wconf 87' lang='grc' dir='ltr'>καὶ</span> <span class='ocrx_word' id='word_1_202' title='bbox 1737 2709 1961 2801; x_wconf 80' lang='grc' dir='ltr'><strong><em>ἀληθῆ</em></strong></span> <span class='ocrx_word' id='word_1_203' title='bbox 2020 2714 2167 2783; x_wconf 84' lang='grc' dir='ltr'><strong><em>τότε</em></strong></span> <span class='ocrx_word' id='word_1_204' title='bbox 2227 2711 2604 2783; x_wconf 84' lang='grc' dir='ltr'><strong><em>πιστεύεται</em></strong></span> <span class='ocrx_word' id='word_1_205' title='bbox 2649 2711 2815 2784; x_wconf 80' lang='grc' dir='ltr'><strong><em>ὅταν</em></strong></span> 
     </span>
     <span class='ocr_line' id='line_1_23' title="bbox 432 2819 1448 2913; baseline 0.004 -26"><span class='ocrx_word' id='word_1_206' title='bbox 432 2821 500 2904; x_wconf 85' lang='grc' dir='ltr'>ἐς</span> <span class='ocrx_word' id='word_1_207' title='bbox 541 2822 670 2912; x_wconf 79' lang='grc' dir='ltr'>τὴν</span> <span class='ocrx_word' id='word_1_208' title='bbox 712 2819 1043 2910; x_wconf 85' lang='grc' dir='ltr'><strong><em>ἀπόβασιν</em></strong></span> <span class='ocrx_word' id='word_1_209' title='bbox 1087 2819 1448 2913; x_wconf 80' lang='grc' dir='ltr'><strong><em>εὐτυχηθῇ.</em></strong></span> 
     </span>
    </p>

    <p class='ocr_par' dir='ltr' id='par_1_8' title="bbox 425 2934 2814 4141">
     <span class='ocr_line' id='line_1_24' title="bbox 637 2934 2813 3020; baseline 0 -19"><span class='ocrx_word' id='word_1_210' title='bbox 637 2934 767 3001; x_wconf 87' lang='lat' dir='ltr'>Sed</span> <span class='ocrx_word' id='word_1_211' title='bbox 826 2940 1328 3020; x_wconf 86' lang='lat' dir='ltr'>quantacunque</span> <span class='ocrx_word' id='word_1_212' title='bbox 1394 2935 1490 3000; x_wconf 93' lang='lat' dir='ltr'>vis</span> <span class='ocrx_word' id='word_1_213' title='bbox 1547 2935 1761 3001; x_wconf 90' lang='lat' dir='ltr'>verbis</span> <span class='ocrx_word' id='word_1_214' title='bbox 1832 2938 2206 3002; x_wconf 87' lang='lat' dir='ltr'>memoratis</span> <span class='ocrx_word' id='word_1_215' title='bbox 2269 2935 2622 3002; x_wconf 88' lang='lat' dir='ltr'>tribuenda</span> <span class='ocrx_word' id='word_1_216' title='bbox 2695 2943 2813 3017; x_wconf 93' lang='lat' dir='ltr'>est,</span> 
     </span>
     <span class='ocr_line' id='line_1_25' title="bbox 434 3046 2813 3133; baseline 0.001 -23"><span class='ocrx_word' id='word_1_217' title='bbox 434 3050 656 3111; x_wconf 88' lang='lat' dir='ltr'>tamen</span> <span class='ocrx_word' id='word_1_218' title='bbox 702 3046 1146 3112; x_wconf 88' lang='lat' dir='ltr'>Herodianum</span> <span class='ocrx_word' id='word_1_219' title='bbox 1190 3047 1449 3131; x_wconf 87' lang='lat' dir='ltr'>penitus</span> <span class='ocrx_word' id='word_1_220' title='bbox 1492 3047 1855 3130; x_wconf 82' lang='lat' dir='ltr'>neglexisse</span> <span class='ocrx_word' id='word_1_221' title='bbox 1901 3054 2099 3132; x_wconf 90' lang='lat' dir='ltr'>atque</span> <span class='ocrx_word' id='word_1_222' title='bbox 2143 3069 2263 3133; x_wconf 92' lang='lat' dir='ltr'>pro</span> <span class='ocrx_word' id='word_1_223' title='bbox 2308 3048 2508 3113; x_wconf 89' lang='lat' dir='ltr'>nihilo</span> <span class='ocrx_word' id='word_1_224' title='bbox 2551 3047 2813 3113; x_wconf 83' lang='lat' dir='ltr'>duxisse</span> 
     </span>
     <span class='ocr_line' id='line_1_26' title="bbox 431 3157 2814 3243; baseline 0.001 -21"><span class='ocrx_word' id='word_1_225' title='bbox 431 3157 649 3224; x_wconf 86' lang='lat' dir='ltr'>omina</span> <span class='ocrx_word' id='word_1_226' title='bbox 705 3158 1007 3224; x_wconf 89' lang='lat' dir='ltr'>contendi</span> <span class='ocrx_word' id='word_1_227' title='bbox 1064 3179 1193 3224; x_wconf 90' lang='lat' dir='ltr'>non</span> <span class='ocrx_word' id='word_1_228' title='bbox 1248 3162 1482 3243; x_wconf 91' lang='lat' dir='ltr'>potest.</span> <span class='ocrx_word' id='word_1_229' title='bbox 1590 3158 1755 3224; x_wconf 89' lang='lat' dir='ltr'>Nam</span> <span class='ocrx_word' id='word_1_230' title='bbox 1834 3165 2094 3225; x_wconf 86' lang='lat' dir='ltr'>exstant</span> <span class='ocrx_word' id='word_1_231' title='bbox 2156 3160 2446 3225; x_wconf 88' lang='lat' dir='ltr'>nonnulli</span> <span class='ocrx_word' id='word_1_232' title='bbox 2503 3160 2661 3240; x_wconf 89' lang='lat' dir='ltr'>loci,</span> <span class='ocrx_word' id='word_1_233' title='bbox 2739 3166 2814 3224; x_wconf 92' lang='lat' dir='ltr'>ut</span> 
     </span>
     <span class='ocr_line' id='line_1_27' title="bbox 430 3270 2813 3356; baseline 0.001 -22"><span class='ocrx_word' id='word_1_234' title='bbox 430 3291 633 3353; x_wconf 88' lang='lat' dir='ltr'>supra</span> <span class='ocrx_word' id='word_1_235' title='bbox 656 3270 789 3335; x_wconf 85' lang='lat' dir='ltr'>iam</span> <span class='ocrx_word' id='word_1_236' title='bbox 815 3270 1332 3350; x_wconf 84' lang='lat' dir='ltr'>memoravimus,</span> <span class='ocrx_word' id='word_1_237' title='bbox 1380 3272 1493 3356; x_wconf 88' lang='lat' dir='ltr'>qui</span> <span class='ocrx_word' id='word_1_238' title='bbox 1536 3292 1655 3337; x_wconf 91' lang='lat' dir='ltr'>nos</span> <span class='ocrx_word' id='word_1_239' title='bbox 1685 3270 2054 3356; x_wconf 89' lang='lat' dir='ltr'>prohibent,</span> <span class='ocrx_word' id='word_1_240' title='bbox 2102 3292 2184 3336; x_wconf 93' lang='lat' dir='ltr'>ne</span> <span class='ocrx_word' id='word_1_241' title='bbox 2213 3271 2387 3336; x_wconf 88' lang='lat' dir='ltr'>hanc</span> <span class='ocrx_word' id='word_1_242' title='bbox 2425 3272 2813 3336; x_wconf 88' lang='lat' dir='ltr'>sententiam</span> 
     </span>
     <span class='ocr_line' id='line_1_28' title="bbox 430 3381 2812 3469; baseline 0.002 -23"><span class='ocrx_word' id='word_1_243' title='bbox 430 3381 918 3465; x_wconf 83' lang='lat' dir='ltr'>amplectamur.</span> <span class='ocrx_word' id='word_1_244' title='bbox 1006 3382 1419 3448; x_wconf 90' lang='lat' dir='ltr'>Herodianus</span> <span class='ocrx_word' id='word_1_245' title='bbox 1464 3382 1626 3448; x_wconf 89' lang='lat' dir='ltr'>dicit</span> <span class='ocrx_word' id='word_1_246' title='bbox 1652 3384 1700 3448; x_wconf 94' lang='grc' dir='ltr'>Ι.</span> <span class='ocrx_word' id='word_1_247' title='bbox 1737 3387 1837 3447; x_wconf 68' lang='lat'>14.</span> <span class='ocrx_word' id='word_1_248' title='bbox 1871 3388 1939 3449; x_wconf 85' lang='lat'>6:</span> <span class='ocrx_word' id='word_1_249' title='bbox 1986 3381 2474 3469; x_wconf 86' lang='grc' dir='ltr'><strong><em>συνεβάλλοντο</em></strong></span> <span class='ocrx_word' id='word_1_250' title='bbox 2522 3383 2593 3450; x_wconf 84' lang='grc' dir='ltr'>δέ</span> <span class='ocrx_word' id='word_1_251' title='bbox 2637 3408 2812 3463; x_wconf 89' lang='grc' dir='ltr'><strong><em>τινες</em></strong></span> 
     </span>
     <span class='ocr_line' id='line_1_29' title="bbox 429 3490 2811 3582; baseline 0.001 -22"><span class='ocrx_word' id='word_1_252' title='bbox 429 3493 739 3582; x_wconf 84' lang='grc' dir='ltr'><strong><em>πολέμων</em></strong></span> <span class='ocrx_word' id='word_1_253' title='bbox 784 3503 1061 3582; x_wconf 87' lang='grc' dir='ltr'><strong><em>σημεῖον</em></strong></span> <span class='ocrx_word' id='word_1_254' title='bbox 1107 3491 1280 3562; x_wconf 80' lang='grc' dir='ltr'><strong><em>εἶναι</em></strong></span> <span class='ocrx_word' id='word_1_255' title='bbox 1323 3548 1337 3563; x_wconf 94' lang='grc'><strong>.</strong></span> <span class='ocrx_word' id='word_1_256' title='bbox 1368 3548 1381 3564; x_wconf 96' lang='grc'><strong>.</strong></span> <span class='ocrx_word' id='word_1_257' title='bbox 1412 3548 1426 3563; x_wconf 94' lang='grc'><strong>.</strong></span> <span class='ocrx_word' id='word_1_258' title='bbox 1470 3496 1551 3562; x_wconf 86' lang='grc' dir='ltr'>τὰ</span> <span class='ocrx_word' id='word_1_259' title='bbox 1595 3503 1768 3580; x_wconf 84' lang='grc' dir='ltr'><strong><em>γοῦν</em></strong></span> <span class='ocrx_word' id='word_1_260' title='bbox 1794 3492 2374 3580; x_wconf 79' lang='grc' dir='ltr'><strong><em>ἀκολουθήσαντα,</em></strong></span> <span class='ocrx_word' id='word_1_261' title='bbox 2423 3490 2507 3573; x_wconf 82' lang='grc' dir='ltr'>ὦς</span> <span class='ocrx_word' id='word_1_262' title='bbox 2552 3491 2626 3560; x_wconf 83' lang='grc' dir='ltr'>ἐν</span> <span class='ocrx_word' id='word_1_263' title='bbox 2669 3504 2811 3574; x_wconf 87' lang='grc' dir='ltr'><strong><em>τοῖς</em></strong></span> 
     </span>
     <span class='ocr_line' id='line_1_30' title="bbox 428 3602 2813 3695; baseline 0.001 -25"><span class='ocrx_word' id='word_1_264' title='bbox 428 3602 576 3693; x_wconf 81' lang='grc' dir='ltr'>ἐξῆς</span> <span class='ocrx_word' id='word_1_265' title='bbox 635 3603 954 3695; x_wconf 76' lang='grc' dir='ltr'><strong><em>ἐροῦμεν,</em></strong></span> <span class='ocrx_word' id='word_1_266' title='bbox 1011 3605 1085 3675; x_wconf 90' lang='grc' dir='ltr'>ἐκ</span> <span class='ocrx_word' id='word_1_267' title='bbox 1143 3614 1260 3693; x_wconf 82' lang='grc' dir='ltr'>τῆς</span> <span class='ocrx_word' id='word_1_268' title='bbox 1317 3602 1707 3693; x_wconf 84' lang='grc' dir='ltr'><strong><em>ἀποβάσεως</em></strong></span> <span class='ocrx_word' id='word_1_269' title='bbox 1766 3606 1893 3692; x_wconf 84' lang='grc' dir='ltr'>τὴν</span> <span class='ocrx_word' id='word_1_270' title='bbox 1952 3604 2522 3690; x_wconf 86' lang='grc' dir='ltr'><strong><em>προϋπάρχουσαν</em></strong></span> <span class='ocrx_word' id='word_1_271' title='bbox 2578 3603 2813 3692; x_wconf 82' lang='grc' dir='ltr'><strong><em>φήμην</em></strong></span> 
     </span>
     <span class='ocr_line' id='line_1_31' title="bbox 428 3715 2811 3800; baseline -0.003 -11"><span class='ocrx_word' id='word_1_272' title='bbox 428 3715 859 3789; x_wconf 80' lang='grc' dir='ltr'><strong><em>ἐπιστώσατο.</em></strong></span> <span class='ocrx_word' id='word_1_273' title='bbox 948 3719 1333 3798; x_wconf 87' lang='lat' dir='ltr'>Praeterea,</span> <span class='ocrx_word' id='word_1_274' title='bbox 1390 3740 1535 3784; x_wconf 91' lang='lat' dir='ltr'>cum</span> <span class='ocrx_word' id='word_1_275' title='bbox 1593 3716 2194 3783; x_wconf 86' lang='lat' dir='ltr'>commemoraverit</span> <span class='ocrx_word' id='word_1_276' title='bbox 2249 3717 2556 3782; x_wconf 87' lang='lat' dir='ltr'>Severum</span> <span class='ocrx_word' id='word_1_277' title='bbox 2609 3718 2811 3800; x_wconf 90' lang='lat' dir='ltr'>impe-</span> 
     </span>
     <span class='ocr_line' id='line_1_32' title="bbox 425 3827 2811 3908; baseline 0 -12"><span class='ocrx_word' id='word_1_278' title='bbox 425 3829 596 3896; x_wconf 87' lang='lat' dir='ltr'>rium</span> <span class='ocrx_word' id='word_1_279' title='bbox 637 3829 763 3896; x_wconf 90' lang='lat' dir='ltr'>sibi</span> <span class='ocrx_word' id='word_1_280' title='bbox 809 3830 1130 3896; x_wconf 90' lang='lat' dir='ltr'>ominibus</span> <span class='ocrx_word' id='word_1_281' title='bbox 1189 3831 1642 3896; x_wconf 85' lang='lat' dir='ltr'>denuntiatum</span> <span class='ocrx_word' id='word_1_282' title='bbox 1704 3850 1845 3894; x_wconf 91' lang='lat' dir='ltr'>esse</span> <span class='ocrx_word' id='word_1_283' title='bbox 1903 3830 2335 3908; x_wconf 85' lang='lat' dir='ltr'>existimasse,</span> <span class='ocrx_word' id='word_1_284' title='bbox 2392 3830 2471 3893; x_wconf 90' lang='lat'>11.</span> <span class='ocrx_word' id='word_1_285' title='bbox 2532 3834 2588 3893; x_wconf 92' lang='grc'>9.</span> <span class='ocrx_word' id='word_1_286' title='bbox 2636 3833 2677 3892; x_wconf 90' lang='grc'>4</span> <span class='ocrx_word' id='word_1_287' title='bbox 2734 3827 2811 3896; x_wconf 90' lang='grc' dir='ltr'>τὸ</span> 
     </span>
     <span class='ocr_line' id='line_1_33' title="bbox 427 3930 2812 4030; baseline -0.002 -18"><span class='ocrx_word' id='word_1_288' title='bbox 427 3936 484 4012; x_wconf 78' lang='grc' dir='ltr'>δ’</span> <span class='ocrx_word' id='word_1_289' title='bbox 549 3930 679 4014; x_wconf 82' lang='grc' dir='ltr'>οὖν</span> <span class='ocrx_word' id='word_1_290' title='bbox 734 3949 1120 4011; x_wconf 87' lang='grc' dir='ltr'><strong><em>τελευταῖον</em></strong></span> <span class='ocrx_word' id='word_1_291' title='bbox 1178 3944 1289 4011; x_wconf 86' lang='grc' dir='ltr'>καὶ</span> <span class='ocrx_word' id='word_1_292' title='bbox 1346 3942 1693 4029; x_wconf 83' lang='grc' dir='ltr'><strong><em>μέγιστον,</em></strong></span> <span class='ocrx_word' id='word_1_293' title='bbox 1750 3939 1913 4028; x_wconf 81' lang='grc' dir='ltr'><strong><em>ὅπερ</em></strong></span> <span class='ocrx_word' id='word_1_294' title='bbox 1968 3937 2152 4030; x_wconf 76' lang='grc' dir='ltr'><strong><em>αὐτῷ</em></strong></span> <span class='ocrx_word' id='word_1_295' title='bbox 2226 3940 2337 4006; x_wconf 87' lang='grc' dir='ltr'>καὶ</span> <span class='ocrx_word' id='word_1_296' title='bbox 2392 3937 2517 4025; x_wconf 84' lang='grc' dir='ltr'>τὴν</span> <span class='ocrx_word' id='word_1_297' title='bbox 2578 3939 2812 4007; x_wconf 84' lang='grc' dir='ltr'><strong><em>ἐλπίδα</em></strong></span> 
     </span>
     <span class='ocr_line' id='line_1_34' title="bbox 426 4049 2287 4141; baseline -0.002 -21"><span class='ocrx_word' id='word_1_298' title='bbox 426 4061 649 4124; x_wconf 80' lang='grc' dir='ltr'><strong><em>πᾶσαν</em></strong></span> <span class='ocrx_word' id='word_1_299' title='bbox 692 4051 1066 4139; x_wconf 81' lang='grc' dir='ltr'><strong><em>ὑπέφαινεν</em></strong></span> <span class='ocrx_word' id='word_1_300' title='bbox 1111 4051 1300 4141; x_wconf 84' lang='grc' dir='ltr'><strong><em>ὄναρ,</em></strong></span> <span class='ocrx_word' id='word_1_301' title='bbox 1343 4049 1429 4121; x_wconf 81' lang='grc' dir='ltr'>οὐ</span> <span class='ocrx_word' id='word_1_302' title='bbox 1472 4050 1529 4122; x_wconf 87' lang='grc' dir='ltr'>δ’</span> <span class='ocrx_word' id='word_1_303' title='bbox 1581 4052 1742 4140; x_wconf 79' lang='grc' dir='ltr'><strong><em>ἡμῖν</em></strong></span> <span class='ocrx_word' id='word_1_304' title='bbox 1786 4050 2287 4136; x_wconf 84' lang='grc' dir='ltr'><strong><em>παραλειπτέον.</em></strong></span> 
     </span>
    </p>

    <p class='ocr_par' dir='ltr' id='par_1_9' title="bbox 424 4162 2810 4363">
     <span class='ocr_line' id='line_1_35' title="bbox 631 4162 2809 4254; baseline -0.001 -24"><span class='ocrx_word' id='word_1_305' title='bbox 631 4165 790 4231; x_wconf 89' lang='lat' dir='ltr'>Inde</span> <span class='ocrx_word' id='word_1_306' title='bbox 838 4165 1013 4231; x_wconf 88' lang='lat' dir='ltr'>clare</span> <span class='ocrx_word' id='word_1_307' title='bbox 1060 4166 1291 4246; x_wconf 88' lang='lat' dir='ltr'>elucet,</span> <span class='ocrx_word' id='word_1_308' title='bbox 1338 4186 1419 4230; x_wconf 92' lang='lat' dir='ltr'>ne</span> <span class='ocrx_word' id='word_1_309' title='bbox 1460 4164 1907 4229; x_wconf 88' lang='lat' dir='ltr'>Herodianum</span> <span class='ocrx_word' id='word_1_310' title='bbox 1952 4162 2233 4246; x_wconf 89' lang='lat' dir='ltr'>quidem,</span> <span class='ocrx_word' id='word_1_311' title='bbox 2281 4163 2575 4245; x_wconf 86' lang='lat' dir='ltr'>quamvis</span> <span class='ocrx_word' id='word_1_312' title='bbox 2613 4163 2809 4254; x_wconf 13' lang='lat' dir='ltr'>&gt;homo</span> 
     </span>
     <span class='ocr_line' id='line_1_36' title="bbox 424 4270 2810 4363; baseline -0.004 -15"><span class='ocrx_word' id='word_1_313' title='bbox 424 4275 655 4361; x_wconf 78' lang='lat' dir='ltr'>minuS,</span> <span class='ocrx_word' id='word_1_314' title='bbox 703 4297 897 4362; x_wconf 86' lang='lat' dir='ltr'>quam</span> <span class='ocrx_word' id='word_1_315' title='bbox 943 4278 1074 4359; x_wconf 87' lang='lat' dir='ltr'>alii,</span> <span class='ocrx_word' id='word_1_316' title='bbox 1122 4277 1613 4363; x_wconf 87' lang='lat' dir='ltr'>superstitiosus</span> <span class='ocrx_word' id='word_1_317' title='bbox 1644 4270 2112 4342; x_wconf 81' lang='lat' dir='ltr'>existimandus</span> <span class='ocrx_word' id='word_1_318' title='bbox 2148 4275 2251 4354; x_wconf 92' lang='lat' dir='ltr'>sit,</span> <span class='ocrx_word' id='word_1_319' title='bbox 2297 4279 2371 4340; x_wconf 88' lang='lat' dir='ltr'>ut</span> <span class='ocrx_word' id='word_1_320' title='bbox 2408 4275 2810 4340; x_wconf 90' lang='lat' dir='ltr'>demonstra-</span> 
     </span>
    </p>
   </div>
  </div>
 </body>
</html>
