<?xml version="1.0" encoding="UTF-8"?>
<!DOCTYPE html PUBLIC "-//W3C//DTD XHTML 1.0 Transitional//EN"
    "http://www.w3.org/TR/xhtml1/DTD/xhtml1-transitional.dtd">
<html xmlns="http://www.w3.org/1999/xhtml" xml:lang="en" lang="en">
 <head>
  <title>
</title>
<meta http-equiv="Content-Type" content="text/html;charset=utf-8" />
  <meta name='ocr-system' content='tesseract 3.04.00' />
  <meta name='ocr-capabilities' content='ocr_page ocr_carea ocr_par ocr_line ocrx_word'/>
</head>
<body>
  <div class='ocr_page' id='page_1' title='image "./deominibusquaea00wagngoog_0020.png"; bbox 0 0 3167 5067; ppageno 0'>
   <div class='ocr_carea' id='block_1_1' title="bbox 1565 377 2005 437">
    <p class='ocr_par' dir='ltr' id='par_1_1' title="bbox 1565 377 2005 437">
     <span class='ocr_line' id='line_1_1' title="bbox 1565 377 2005 437; baseline 0.005 -18"><span class='ocrx_word' id='word_1_1' title='bbox 1565 377 2005 437; x_wconf 75' lang='lat'>...15-</span> 
     </span>
    </p>
   </div>
   <div class='ocr_carea' id='block_1_2' title="bbox 576 541 3128 4089">
    <p class='ocr_par' dir='ltr' id='par_1_2' title="bbox 584 541 2999 852">
     <span class='ocr_line' id='line_1_2' title="bbox 586 541 2999 627; baseline 0.002 -22"><span class='ocrx_word' id='word_1_2' title='bbox 586 541 795 607; x_wconf 90' lang='lat' dir='ltr'>tiones</span> <span class='ocrx_word' id='word_1_3' title='bbox 813 592 829 621; x_wconf 96' lang='lat'>,</span> <span class='ocrx_word' id='word_1_4' title='bbox 886 541 1076 605; x_wconf 87' lang='lat' dir='ltr'>facile</span> <span class='ocrx_word' id='word_1_5' title='bbox 1121 541 1455 624; x_wconf 77' lang='lat' dir='ltr'>intelleget</span> <span class='ocrx_word' id='word_1_6' title='bbox 1494 542 1898 607; x_wconf 89' lang='lat' dir='ltr'>Caracallam</span> <span class='ocrx_word' id='word_1_7' title='bbox 1940 561 2013 606; x_wconf 89' lang='lat' dir='ltr'>re</span> <span class='ocrx_word' id='word_1_8' title='bbox 2058 564 2212 607; x_wconf 89' lang='lat' dir='ltr'>vera</span> <span class='ocrx_word' id='word_1_9' title='bbox 2257 545 2999 627; x_wconf 86' lang='lat' dir='ltr'>superstitiosissimum</span> 
     </span>
     <span class='ocr_line' id='line_1_3' title="bbox 584 652 2998 737; baseline 0 -19"><span class='ocrx_word' id='word_1_10' title='bbox 584 652 784 718; x_wconf 87' lang='lat' dir='ltr'>fuisse</span> <span class='ocrx_word' id='word_1_11' title='bbox 829 674 1039 736; x_wconf 90' lang='lat' dir='ltr'>neque</span> <span class='ocrx_word' id='word_1_12' title='bbox 1080 674 1242 736; x_wconf 91' lang='lat' dir='ltr'>opus</span> <span class='ocrx_word' id='word_1_13' title='bbox 1286 652 1485 718; x_wconf 86' lang='lat' dir='ltr'>fuisse</span> <span class='ocrx_word' id='word_1_14' title='bbox 1530 653 1680 717; x_wconf 88' lang='lat' dir='ltr'>odio</span> <span class='ocrx_word' id='word_1_15' title='bbox 1736 653 2012 718; x_wconf 88' lang='lat' dir='ltr'>Macrini</span> <span class='ocrx_word' id='word_1_16' title='bbox 2060 655 2317 737; x_wconf 89' lang='lat' dir='ltr'>cognito</span> <span class='ocrx_word' id='word_1_17' title='bbox 2361 655 2475 719; x_wconf 90' lang='lat' dir='ltr'>illo</span> <span class='ocrx_word' id='word_1_18' title='bbox 2519 656 2829 720; x_wconf 87' lang='lat' dir='ltr'>vaticinio</span> <span class='ocrx_word' id='word_1_19' title='bbox 2896 656 2998 719; x_wconf 85' lang='lat' dir='ltr'>ad</span> 
     </span>
     <span class='ocr_line' id='line_1_4' title="bbox 585 764 2433 852; baseline 0.001 -22"><span class='ocrx_word' id='word_1_20' title='bbox 585 765 990 852; x_wconf 83' lang='lat' dir='ltr'>Caracallam</span> <span class='ocrx_word' id='word_1_21' title='bbox 1033 764 1454 843; x_wconf 86' lang='lat' dir='ltr'>incitandum,</span> <span class='ocrx_word' id='word_1_22' title='bbox 1498 769 1574 829; x_wconf 89' lang='lat' dir='ltr'>ut</span> <span class='ocrx_word' id='word_1_23' title='bbox 1614 764 1976 829; x_wconf 91' lang='lat' dir='ltr'>Macrinum</span> <span class='ocrx_word' id='word_1_24' title='bbox 2017 765 2433 831; x_wconf 90' lang='lat' dir='ltr'>interficeret.</span> 
     </span>
    </p>

    <p class='ocr_par' dir='ltr' id='par_1_3' title="bbox 584 875 3002 1182">
     <span class='ocr_line' id='line_1_5' title="bbox 791 875 2997 959; baseline 0.001 -19"><span class='ocrx_word' id='word_1_25' title='bbox 791 878 1004 959; x_wconf 91' lang='lat' dir='ltr'>Atque</span> <span class='ocrx_word' id='word_1_26' title='bbox 1053 875 1443 941; x_wconf 74' lang='lat' dir='ltr'>contendere</span> <span class='ocrx_word' id='word_1_27' title='bbox 1503 896 1849 959; x_wconf 91' lang='lat' dir='ltr'>possumus</span> <span class='ocrx_word' id='word_1_28' title='bbox 1909 877 2185 941; x_wconf 92' lang='lat' dir='ltr'>duorum</span> <span class='ocrx_word' id='word_1_29' title='bbox 2230 878 2777 943; x_wconf 89' lang='lat' dir='ltr'>nobilissimorum</span> <span class='ocrx_word' id='word_1_30' title='bbox 2825 878 2997 942; x_wconf 89' lang='lat' dir='ltr'>fon-</span> 
     </span>
     <span class='ocr_line' id='line_1_6' title="bbox 584 987 3002 1073; baseline 0.001 -22"><span class='ocrx_word' id='word_1_31' title='bbox 584 988 747 1052; x_wconf 83' lang='lat' dir='ltr'><strong>tium</strong></span> <span class='ocrx_word' id='word_1_32' title='bbox 806 988 1199 1053; x_wconf 87' lang='lat' dir='ltr'>auctoritate</span> <span class='ocrx_word' id='word_1_33' title='bbox 1253 988 1390 1052; x_wconf 89' lang='lat' dir='ltr'>nixi</span> <span class='ocrx_word' id='word_1_34' title='bbox 1433 987 1613 1052; x_wconf 90' lang='lat' dir='ltr'>illam</span> <span class='ocrx_word' id='word_1_35' title='bbox 1669 989 2194 1053; x_wconf 74' lang='lat' dir='ltr'>vaticinationem</span> <span class='ocrx_word' id='word_1_36' title='bbox 2257 994 2325 1054; x_wconf 88' lang='lat' dir='ltr'>et</span> <span class='ocrx_word' id='word_1_37' title='bbox 2382 990 2653 1073; x_wconf 89' lang='lat' dir='ltr'>imperio</span> <span class='ocrx_word' id='word_1_38' title='bbox 2713 995 2780 1055; x_wconf 89' lang='lat' dir='ltr'>et</span> <span class='ocrx_word' id='word_1_39' title='bbox 2834 991 3002 1055; x_wconf 84' lang='lat' dir='ltr'>vita</span> 
     </span>
     <span class='ocr_line' id='line_1_7' title="bbox 585 1099 1342 1182; baseline 0 -19"><span class='ocrx_word' id='word_1_40' title='bbox 585 1099 991 1164; x_wconf 85' lang='lat' dir='ltr'>Caracallam</span> <span class='ocrx_word' id='word_1_41' title='bbox 1033 1099 1342 1182; x_wconf 81' lang='lat' dir='ltr'>privasse.</span> 
     </span>
    </p>

    <p class='ocr_par' dir='ltr' id='par_1_4' title="bbox 583 1211 2993 1518">
     <span class='ocr_line' id='line_1_8' title="bbox 786 1211 2991 1295; baseline 0 -20"><span class='ocrx_word' id='word_1_42' title='bbox 786 1212 1018 1294; x_wconf 88' lang='lat' dir='ltr'>Itaque</span> <span class='ocrx_word' id='word_1_43' title='bbox 1079 1211 1592 1289; x_wconf 85' lang='lat' dir='ltr'>demonstratum</span> <span class='ocrx_word' id='word_1_44' title='bbox 1654 1233 1795 1277; x_wconf 90' lang='lat' dir='ltr'>esse</span> <span class='ocrx_word' id='word_1_45' title='bbox 1856 1212 2185 1292; x_wconf 86' lang='lat' dir='ltr'>existimo,</span> <span class='ocrx_word' id='word_1_46' title='bbox 2264 1212 2438 1295; x_wconf 87' lang='lat' dir='ltr'>quod</span> <span class='ocrx_word' id='word_1_47' title='bbox 2513 1212 2991 1277; x_wconf 86' lang='lat' dir='ltr'>demonstrare</span> 
     </span>
     <span class='ocr_line' id='line_1_9' title="bbox 583 1323 2993 1407; baseline 0.001 -21"><span class='ocrx_word' id='word_1_48' title='bbox 583 1323 744 1387; x_wconf 89' lang='lat' dir='ltr'>mihi</span> <span class='ocrx_word' id='word_1_49' title='bbox 782 1323 1128 1407; x_wconf 91' lang='lat' dir='ltr'>proposui,</span> <span class='ocrx_word' id='word_1_50' title='bbox 1184 1323 1601 1387; x_wconf 87' lang='lat' dir='ltr'>Severianam</span> <span class='ocrx_word' id='word_1_51' title='bbox 1664 1323 1925 1388; x_wconf 90' lang='lat' dir='ltr'>domum</span> <span class='ocrx_word' id='word_1_52' title='bbox 1984 1328 2051 1388; x_wconf 89' lang='lat' dir='ltr'>et</span> <span class='ocrx_word' id='word_1_53' title='bbox 2107 1329 2415 1388; x_wconf 89' lang='lat' dir='ltr'>nanctam</span> <span class='ocrx_word' id='word_1_54' title='bbox 2477 1344 2619 1388; x_wconf 88' lang='lat' dir='ltr'>esse</span> <span class='ocrx_word' id='word_1_55' title='bbox 2682 1331 2748 1389; x_wconf 88' lang='lat' dir='ltr'>et</span> <span class='ocrx_word' id='word_1_56' title='bbox 2804 1326 2993 1389; x_wconf 89' lang='lat' dir='ltr'>ami-</span> 
     </span>
     <span class='ocr_line' id='line_1_10' title="bbox 585 1434 2829 1518; baseline 0.001 -20"><span class='ocrx_word' id='word_1_57' title='bbox 585 1434 747 1498; x_wconf 82' lang='lat' dir='ltr'>sisse</span> <span class='ocrx_word' id='word_1_58' title='bbox 792 1434 1234 1518; x_wconf 83' lang='lat' dir='ltr'>principatum</span> <span class='ocrx_word' id='word_1_59' title='bbox 1270 1436 1555 1499; x_wconf 86' lang='lat' dir='ltr'>maxime</span> <span class='ocrx_word' id='word_1_60' title='bbox 1602 1436 2016 1500; x_wconf 90' lang='lat' dir='ltr'>oraculorum</span> <span class='ocrx_word' id='word_1_61' title='bbox 2061 1435 2473 1517; x_wconf 90' lang='lat' dir='ltr'>ominumque</span> <span class='ocrx_word' id='word_1_62' title='bbox 2515 1438 2829 1518; x_wconf 88' lang='lat' dir='ltr'>potentia.</span> 
     </span>
    </p>

    <p class='ocr_par' dir='ltr' id='par_1_5' title="bbox 583 1546 2990 2281">
     <span class='ocr_line' id='line_1_11' title="bbox 788 1546 2984 1630; baseline 0 -19"><span class='ocrx_word' id='word_1_63' title='bbox 788 1546 976 1611; x_wconf 90' lang='lat' dir='ltr'>Hanc</span> <span class='ocrx_word' id='word_1_64' title='bbox 1010 1568 1148 1611; x_wconf 92' lang='lat' dir='ltr'>rem</span> <span class='ocrx_word' id='word_1_65' title='bbox 1195 1566 1273 1610; x_wconf 90' lang='lat' dir='ltr'>ea</span> <span class='ocrx_word' id='word_1_66' title='bbox 1309 1547 1388 1611; x_wconf 88' lang='lat' dir='ltr'>cle</span> <span class='ocrx_word' id='word_1_67' title='bbox 1429 1568 1629 1612; x_wconf 91' lang='lat' dir='ltr'>causa</span> <span class='ocrx_word' id='word_1_68' title='bbox 1665 1547 1929 1612; x_wconf 88' lang='lat' dir='ltr'>uberius</span> <span class='ocrx_word' id='word_1_69' title='bbox 1973 1551 2040 1611; x_wconf 90' lang='lat' dir='ltr'>et</span> <span class='ocrx_word' id='word_1_70' title='bbox 2078 1548 2400 1630; x_wconf 89' lang='lat' dir='ltr'>copiosius</span> <span class='ocrx_word' id='word_1_71' title='bbox 2437 1549 2737 1627; x_wconf 86' lang='lat' dir='ltr'>tractavi,</span> <span class='ocrx_word' id='word_1_72' title='bbox 2784 1549 2984 1630; x_wconf 88' lang='lat' dir='ltr'>quod</span> 
     </span>
     <span class='ocr_line' id='line_1_12' title="bbox 584 1657 2990 1741; baseline 0.001 -19"><span class='ocrx_word' id='word_1_73' title='bbox 584 1658 949 1741; x_wconf 88' lang='lat' dir='ltr'>exemplum</span> <span class='ocrx_word' id='word_1_74' title='bbox 981 1657 1533 1723; x_wconf 85' lang='lat' dir='ltr'>evidentissimum</span> <span class='ocrx_word' id='word_1_75' title='bbox 1579 1665 1647 1723; x_wconf 91' lang='lat' dir='ltr'>et</span> <span class='ocrx_word' id='word_1_76' title='bbox 1682 1658 2189 1723; x_wconf 88' lang='lat' dir='ltr'>illustrissimum</span> <span class='ocrx_word' id='word_1_77' title='bbox 2234 1658 2392 1723; x_wconf 92' lang='lat' dir='ltr'>mihi</span> <span class='ocrx_word' id='word_1_78' title='bbox 2418 1658 2766 1725; x_wconf 86' lang='lat' dir='ltr'>videbatur</span> <span class='ocrx_word' id='word_1_79' title='bbox 2805 1679 2990 1739; x_wconf 87' lang='lat' dir='ltr'>esse,</span> 
     </span>
     <span class='ocr_line' id='line_1_13' title="bbox 587 1769 2990 1853; baseline 0.001 -20"><span class='ocrx_word' id='word_1_80' title='bbox 587 1791 667 1833; x_wconf 91' lang='lat' dir='ltr'>ex</span> <span class='ocrx_word' id='word_1_81' title='bbox 712 1791 841 1853; x_wconf 92' lang='lat' dir='ltr'>quo</span> <span class='ocrx_word' id='word_1_82' title='bbox 887 1770 1176 1850; x_wconf 87' lang='lat' dir='ltr'>eluceat,</span> <span class='ocrx_word' id='word_1_83' title='bbox 1246 1775 1651 1853; x_wconf 84' lang='lat' dir='ltr'>quantopere</span> <span class='ocrx_word' id='word_1_84' title='bbox 1697 1769 1915 1834; x_wconf 91' lang='lat' dir='ltr'>omina</span> <span class='ocrx_word' id='word_1_85' title='bbox 1974 1775 2130 1834; x_wconf 89' lang='lat' dir='ltr'>tunc</span> <span class='ocrx_word' id='word_1_86' title='bbox 2174 1770 2276 1834; x_wconf 90' lang='lat' dir='ltr'>vel</span> <span class='ocrx_word' id='word_1_87' title='bbox 2320 1791 2426 1834; x_wconf 91' lang='lat' dir='ltr'>res</span> <span class='ocrx_word' id='word_1_88' title='bbox 2469 1771 2787 1835; x_wconf 89' lang='lat' dir='ltr'>maximas</span> <span class='ocrx_word' id='word_1_89' title='bbox 2831 1792 2990 1835; x_wconf 90' lang='lat' dir='ltr'>mo-</span> 
     </span>
     <span class='ocr_line' id='line_1_14' title="bbox 588 1880 2986 1965; baseline 0 -20"><span class='ocrx_word' id='word_1_90' title='bbox 588 1881 1005 1962; x_wconf 82' lang='lat' dir='ltr'>derarentur3</span> <span class='ocrx_word' id='word_1_91' title='bbox 1051 1882 1331 1964; x_wconf 92' lang='lat' dir='ltr'>primum</span> <span class='ocrx_word' id='word_1_92' title='bbox 1369 1882 1537 1946; x_wconf 90' lang='lat' dir='ltr'>enim</span> <span class='ocrx_word' id='word_1_93' title='bbox 1567 1883 1784 1945; x_wconf 89' lang='lat' dir='ltr'>omina</span> <span class='ocrx_word' id='word_1_94' title='bbox 1827 1902 1900 1946; x_wconf 89' lang='lat' dir='ltr'>re</span> <span class='ocrx_word' id='word_1_95' title='bbox 1944 1902 2099 1945; x_wconf 91' lang='lat' dir='ltr'>vera</span> <span class='ocrx_word' id='word_1_96' title='bbox 2142 1881 2270 1945; x_wconf 93' lang='lat' dir='ltr'>vim</span> <span class='ocrx_word' id='word_1_97' title='bbox 2315 1880 2493 1945; x_wconf 88' lang='lat' dir='ltr'>haud</span> <span class='ocrx_word' id='word_1_98' title='bbox 2534 1882 2986 1965; x_wconf 84' lang='lat' dir='ltr'>spernendam</span> 
     </span>
     <span class='ocr_line' id='line_1_15' title="bbox 589 1992 2986 2076; baseline 0 -19"><span class='ocrx_word' id='word_1_99' title='bbox 589 1992 954 2058; x_wconf 86' lang='lat' dir='ltr'>exercuisse</span> <span class='ocrx_word' id='word_1_100' title='bbox 998 1993 1189 2057; x_wconf 82' lang='lat' dir='ltr'>facile</span> <span class='ocrx_word' id='word_1_101' title='bbox 1236 1993 1585 2057; x_wconf 86' lang='lat' dir='ltr'>monstrari</span> <span class='ocrx_word' id='word_1_102' title='bbox 1628 1992 1876 2076; x_wconf 89' lang='lat' dir='ltr'>potuit,</span> <span class='ocrx_word' id='word_1_103' title='bbox 1937 1992 2170 2058; x_wconf 90' lang='lat' dir='ltr'>deinde</span> <span class='ocrx_word' id='word_1_104' title='bbox 2221 1992 2392 2056; x_wconf 88' lang='lat' dir='ltr'>hanc</span> <span class='ocrx_word' id='word_1_105' title='bbox 2436 1993 2564 2056; x_wconf 92' lang='lat' dir='ltr'>vim</span> <span class='ocrx_word' id='word_1_106' title='bbox 2610 1994 2986 2058; x_wconf 87' lang='lat' dir='ltr'>exercitam</span> 
     </span>
     <span class='ocr_line' id='line_1_16' title="bbox 584 2102 2977 2188; baseline 0 -19"><span class='ocrx_word' id='word_1_107' title='bbox 584 2125 725 2169; x_wconf 92' lang='lat' dir='ltr'>esse</span> <span class='ocrx_word' id='word_1_108' title='bbox 781 2105 849 2168; x_wconf 90' lang='lat' dir='ltr'>in</span> <span class='ocrx_word' id='word_1_109' title='bbox 906 2124 980 2169; x_wconf 89' lang='lat' dir='ltr'>re</span> <span class='ocrx_word' id='word_1_110' title='bbox 1024 2102 1479 2184; x_wconf 86' lang='lat' dir='ltr'>celeberrima,</span> <span class='ocrx_word' id='word_1_111' title='bbox 1538 2105 1750 2188; x_wconf 87' lang='lat' dir='ltr'>qualis</span> <span class='ocrx_word' id='word_1_112' title='bbox 1811 2109 1912 2169; x_wconf 87' lang='lat' dir='ltr'>est</span> <span class='ocrx_word' id='word_1_113' title='bbox 1968 2104 2232 2169; x_wconf 86' lang='lat' dir='ltr'>fortuna</span> <span class='ocrx_word' id='word_1_114' title='bbox 2276 2104 2506 2169; x_wconf 90' lang='lat' dir='ltr'>domus</span> <span class='ocrx_word' id='word_1_115' title='bbox 2551 2103 2977 2185; x_wconf 85' lang='lat' dir='ltr'>Severianae,</span> 
     </span>
     <span class='ocr_line' id='line_1_17' title="bbox 583 2216 892 2281; baseline -0.003 0"><span class='ocrx_word' id='word_1_116' title='bbox 583 2216 892 2281; x_wconf 87' lang='lat' dir='ltr'>videmus.</span> 
     </span>
    </p>

    <p class='ocr_par' dir='ltr' id='par_1_6' title="bbox 581 2307 3130 3192">
     <span class='ocr_line' id='line_1_18' title="bbox 789 2326 2981 2410; baseline 0 -19"><span class='ocrx_word' id='word_1_117' title='bbox 789 2327 1155 2392; x_wconf 88' lang='lat' dir='ltr'>Memoratu</span> <span class='ocrx_word' id='word_1_118' title='bbox 1216 2327 1482 2410; x_wconf 88' lang='lat' dir='ltr'>dignum</span> <span class='ocrx_word' id='word_1_119' title='bbox 1555 2348 1699 2391; x_wconf 90' lang='grc'>6886</span> <span class='ocrx_word' id='word_1_120' title='bbox 1760 2328 2058 2392; x_wconf 86' lang='lat' dir='ltr'>existimo</span> <span class='ocrx_word' id='word_1_121' title='bbox 2128 2326 2327 2391; x_wconf 89' lang='lat' dir='ltr'>etiam</span> <span class='ocrx_word' id='word_1_122' title='bbox 2385 2326 2682 2410; x_wconf 86' lang='lat' dir='ltr'>Septimii</span> <span class='ocrx_word' id='word_1_123' title='bbox 2744 2327 2981 2392; x_wconf 87' lang='lat' dir='ltr'>Severi</span> 
     </span>
     <span class='ocr_line' id='line_1_19' title="bbox 583 2437 2979 2520; baseline 0 -17"><span class='ocrx_word' id='word_1_124' title='bbox 583 2439 1012 2518; x_wconf 78' lang='lat' dir='ltr'>adversariOS,</span> <span class='ocrx_word' id='word_1_125' title='bbox 1056 2438 1479 2503; x_wconf 88' lang='lat' dir='ltr'>Pescennium</span> <span class='ocrx_word' id='word_1_126' title='bbox 1526 2437 1799 2520; x_wconf 83' lang='lat' dir='ltr'>Nigrum</span> <span class='ocrx_word' id='word_1_127' title='bbox 1844 2443 1911 2503; x_wconf 91' lang='lat' dir='ltr'>et</span> <span class='ocrx_word' id='word_1_128' title='bbox 1954 2438 2251 2503; x_wconf 85' lang='lat' dir='ltr'>Clodium</span> <span class='ocrx_word' id='word_1_129' title='bbox 2296 2438 2601 2503; x_wconf 92' lang='lat' dir='ltr'>Albinum</span> <span class='ocrx_word' id='word_1_130' title='bbox 2618 2489 2633 2518; x_wconf 87' lang='lat'>,</span> <span class='ocrx_word' id='word_1_131' title='bbox 2680 2439 2979 2504; x_wconf 90' lang='lat' dir='ltr'>ominum</span> 
     </span>
     <span class='ocr_line' id='line_1_20' title="bbox 582 2548 2975 2634; baseline 0 -19"><span class='ocrx_word' id='word_1_132' title='bbox 582 2548 1152 2615; x_wconf 84' lang='lat' dir='ltr'>adhortationibus</span> <span class='ocrx_word' id='word_1_133' title='bbox 1197 2550 1685 2633; x_wconf 84' lang='lat' dir='ltr'>obtemperasse</span> <span class='ocrx_word' id='word_1_134' title='bbox 1726 2550 1964 2631; x_wconf 81' lang='lat' dir='ltr'>videri3</span> <span class='ocrx_word' id='word_1_135' title='bbox 2005 2571 2157 2614; x_wconf 92' lang='lat' dir='ltr'>nam</span> <span class='ocrx_word' id='word_1_136' title='bbox 2202 2550 2421 2633; x_wconf 85' lang='lat' dir='ltr'>Niger,</span> <span class='ocrx_word' id='word_1_137' title='bbox 2470 2572 2616 2615; x_wconf 90' lang='lat' dir='ltr'>cum</span> <span class='ocrx_word' id='word_1_138' title='bbox 2650 2550 2975 2634; x_wconf 84' lang='lat' dir='ltr'>Byzantio</span> 
     </span>
     <span class='ocr_line' id='line_1_21' title="bbox 583 2661 3128 2745; baseline -0 -19"><span class='ocrx_word' id='word_1_139' title='bbox 583 2668 814 2727; x_wconf 87' lang='lat' dir='ltr'>contra</span> <span class='ocrx_word' id='word_1_140' title='bbox 853 2662 1161 2726; x_wconf 89' lang='lat' dir='ltr'>Severum</span> <span class='ocrx_word' id='word_1_141' title='bbox 1206 2662 1540 2744; x_wconf 82' lang='lat' dir='ltr'>profectus</span> <span class='ocrx_word' id='word_1_142' title='bbox 1585 2666 1791 2742; x_wconf 88' lang='lat' dir='ltr'>esset,</span> <span class='ocrx_word' id='word_1_143' title='bbox 1835 2661 2162 2727; x_wconf 85' lang='lat' dir='ltr'>nonnullis</span> <span class='ocrx_word' id='word_1_144' title='bbox 2196 2661 2513 2745; x_wconf 87' lang='lat' dir='ltr'>prodigiis</span> <span class='ocrx_word' id='word_1_145' title='bbox 2555 2662 2651 2725; x_wconf 86' lang='lat' dir='ltr'>ita</span> <span class='ocrx_word' id='word_1_146' title='bbox 2691 2662 2974 2726; x_wconf 87' lang='lat' dir='ltr'>exterri-</span> <span class='ocrx_word' id='word_1_147' title='bbox 3127 2681 3128 2692; x_wconf 59' lang='lat'>¹</span> 
     </span>
     <span class='ocr_line' id='line_1_22' title="bbox 581 2772 2971 2857; baseline -0.001 -19"><span class='ocrx_word' id='word_1_148' title='bbox 581 2779 688 2838; x_wconf 89' lang='lat' dir='ltr'>tus</span> <span class='ocrx_word' id='word_1_149' title='bbox 747 2779 881 2854; x_wconf 89' lang='lat' dir='ltr'>est,</span> <span class='ocrx_word' id='word_1_150' title='bbox 946 2779 1021 2838; x_wconf 89' lang='lat' dir='ltr'>ut</span> <span class='ocrx_word' id='word_1_151' title='bbox 1078 2774 1301 2838; x_wconf 86' lang='lat' dir='ltr'>statim</span> <span class='ocrx_word' id='word_1_152' title='bbox 1359 2773 1743 2857; x_wconf 84' lang='lat' dir='ltr'>Byzantium</span> <span class='ocrx_word' id='word_1_153' title='bbox 1803 2779 2241 2839; x_wconf 89' lang='lat' dir='ltr'>reverteretur</span> <span class='ocrx_word' id='word_1_154' title='bbox 2266 2776 2366 2857; x_wconf 76' lang='lat'>¹),</span> <span class='ocrx_word' id='word_1_155' title='bbox 2411 2778 2478 2838; x_wconf 88' lang='lat' dir='ltr'>et</span> <span class='ocrx_word' id='word_1_156' title='bbox 2532 2772 2837 2836; x_wconf 89' lang='lat' dir='ltr'>Albinum</span> <span class='ocrx_word' id='word_1_157' title='bbox 2897 2774 2971 2836; x_wconf 89' lang='lat' dir='ltr'>in</span> 
     </span>
     <span class='ocr_line' id='line_1_23' title="bbox 582 2884 2964 2969; baseline -0 -20"><span class='ocrx_word' id='word_1_158' title='bbox 582 2905 762 2968; x_wconf 93' lang='lat' dir='ltr'>spem</span> <span class='ocrx_word' id='word_1_159' title='bbox 826 2905 894 2949; x_wconf 91' lang='lat' dir='ltr'>se</span> <span class='ocrx_word' id='word_1_160' title='bbox 955 2884 1263 2949; x_wconf 86' lang='lat' dir='ltr'>Severum</span> <span class='ocrx_word' id='word_1_161' title='bbox 1321 2891 1782 2968; x_wconf 90' lang='lat' dir='ltr'>superaturum</span> <span class='ocrx_word' id='word_1_162' title='bbox 1839 2886 2311 2969; x_wconf 90' lang='lat' dir='ltr'>imperiumque</span> <span class='ocrx_word' id='word_1_163' title='bbox 2372 2884 2762 2967; x_wconf 88' lang='lat' dir='ltr'>adepturum</span> <span class='ocrx_word' id='word_1_164' title='bbox 2817 2905 2964 2949; x_wconf 91' lang='grc'>6886</span> 
     </span>
     <span class='ocr_line' id='line_1_24' title="bbox 582 2996 2968 3080; baseline -0.001 -18"><span class='ocrx_word' id='word_1_165' title='bbox 582 2998 780 3063; x_wconf 86' lang='lat' dir='ltr'>etiam</span> <span class='ocrx_word' id='word_1_166' title='bbox 847 2996 1258 3061; x_wconf 89' lang='lat' dir='ltr'>oraculorum</span> <span class='ocrx_word' id='word_1_167' title='bbox 1334 2996 1918 3080; x_wconf 87' lang='lat' dir='ltr'>pollicitationibus</span> <span class='ocrx_word' id='word_1_168' title='bbox 1988 2997 2340 3063; x_wconf 87' lang='lat' dir='ltr'>adductum</span> <span class='ocrx_word' id='word_1_169' title='bbox 2407 3016 2547 3060; x_wconf 91' lang='grc'>6886</span> <span class='ocrx_word' id='word_1_170' title='bbox 2612 2996 2968 3061; x_wconf 90' lang='lat' dir='ltr'>verisimile</span> 
     </span>
     <span class='ocr_line' id='line_1_25' title="bbox 581 3108 773 3192; baseline -0.005 -18"><span class='ocrx_word' id='word_1_171' title='bbox 581 3115 683 3176; x_wconf 90' lang='lat' dir='ltr'>est</span> <span class='ocrx_word' id='word_1_172' title='bbox 700 3108 773 3192; x_wconf 77' lang='grc'>2).</span> 
     </span>
    </p>

    <p class='ocr_par' dir='ltr' id='par_1_7' title="bbox 580 3197 3126 3865">
     <span class='ocr_line' id='line_1_26' title="bbox 787 3219 2966 3303; baseline -0.002 -17"><span class='ocrx_word' id='word_1_173' title='bbox 787 3220 1117 3286; x_wconf 89' lang='lat' dir='ltr'>Macrinus</span> <span class='ocrx_word' id='word_1_174' title='bbox 1161 3220 1319 3303; x_wconf 90' lang='lat' dir='ltr'>ipse,</span> <span class='ocrx_word' id='word_1_175' title='bbox 1367 3220 1478 3302; x_wconf 91' lang='lat' dir='ltr'>qui</span> <span class='ocrx_word' id='word_1_176' title='bbox 1509 3220 1991 3285; x_wconf 89' lang='lat' dir='ltr'>vaticinationis</span> <span class='ocrx_word' id='word_1_177' title='bbox 2034 3226 2230 3301; x_wconf 87' lang='lat' dir='ltr'>metu,</span> <span class='ocrx_word' id='word_1_178' title='bbox 2275 3225 2350 3285; x_wconf 93' lang='lat' dir='ltr'>ut</span> <span class='ocrx_word' id='word_1_179' title='bbox 2381 3219 2798 3300; x_wconf 82' lang='lat' dir='ltr'>ostendimuS,</span> <span class='ocrx_word' id='word_1_180' title='bbox 2845 3219 2966 3282; x_wconf 88' lang='lat' dir='ltr'>im·</span> 
     </span>
     <span class='ocr_line' id='line_1_27' title="bbox 580 3332 2965 3417; baseline -0.001 -20"><span class='ocrx_word' id='word_1_181' title='bbox 580 3333 806 3417; x_wconf 89' lang='lat' dir='ltr'>pulsus</span> <span class='ocrx_word' id='word_1_182' title='bbox 866 3332 1102 3397; x_wconf 87' lang='lat' dir='ltr'>Severo</span> <span class='ocrx_word' id='word_1_183' title='bbox 1160 3333 1485 3396; x_wconf 88' lang='lat' dir='ltr'>Antonino</span> <span class='ocrx_word' id='word_1_184' title='bbox 1542 3333 1877 3398; x_wconf 86' lang='lat' dir='ltr'>interitum</span> <span class='ocrx_word' id='word_1_185' title='bbox 1935 3338 2315 3415; x_wconf 88' lang='lat' dir='ltr'>paraverat,</span> <span class='ocrx_word' id='word_1_186' title='bbox 2377 3332 2606 3396; x_wconf 89' lang='lat' dir='ltr'>eadem</span> <span class='ocrx_word' id='word_1_187' title='bbox 2665 3351 2768 3411; x_wconf 92' lang='lat' dir='ltr'>re,</span> <span class='ocrx_word' id='word_1_188' title='bbox 2833 3351 2965 3413; x_wconf 91' lang='lat' dir='ltr'>qua</span> 
     </span>
     <span class='ocr_line' id='line_1_28' title="bbox 581 3442 2962 3530; baseline -0.001 -20"><span class='ocrx_word' id='word_1_189' title='bbox 581 3445 792 3510; x_wconf 90' lang='lat' dir='ltr'>elatus</span> <span class='ocrx_word' id='word_1_190' title='bbox 855 3449 998 3508; x_wconf 93' lang='lat' dir='ltr'>erat</span> <span class='ocrx_word' id='word_1_191' title='bbox 1015 3493 1029 3522; x_wconf 91' lang='lat'>,</span> <span class='ocrx_word' id='word_1_192' title='bbox 1098 3443 1294 3508; x_wconf 89' lang='lat' dir='ltr'>etiam</span> <span class='ocrx_word' id='word_1_193' title='bbox 1355 3443 1735 3527; x_wconf 91' lang='lat' dir='ltr'>deperditus</span> <span class='ocrx_word' id='word_1_194' title='bbox 1800 3449 1932 3524; x_wconf 90' lang='lat' dir='ltr'>est;</span> <span class='ocrx_word' id='word_1_195' title='bbox 1995 3444 2469 3530; x_wconf 85' lang='lat' dir='ltr'>Eutychianum</span> <span class='ocrx_word' id='word_1_196' title='bbox 2534 3442 2704 3506; x_wconf 91' lang='lat' dir='ltr'>enim</span> <span class='ocrx_word' id='word_1_197' title='bbox 2760 3442 2962 3522; x_wconf 90' lang='lat' dir='ltr'>illum,</span> 
     </span>
     <span class='ocr_line' id='line_1_29' title="bbox 580 3554 2956 3637; baseline -0.001 -16"><span class='ocrx_word' id='word_1_198' title='bbox 580 3558 763 3621; x_wconf 90' lang='lat' dir='ltr'>cuius</span> <span class='ocrx_word' id='word_1_199' title='bbox 805 3555 1122 3621; x_wconf 90' lang='lat' dir='ltr'>seditione</span> <span class='ocrx_word' id='word_1_200' title='bbox 1162 3556 1442 3621; x_wconf 88' lang='lat' dir='ltr'>maxime</span> <span class='ocrx_word' id='word_1_201' title='bbox 1471 3557 1749 3621; x_wconf 89' lang='lat' dir='ltr'>Macrini</span> <span class='ocrx_word' id='word_1_202' title='bbox 1789 3557 2093 3621; x_wconf 87' lang='lat' dir='ltr'>interitus</span> <span class='ocrx_word' id='word_1_203' title='bbox 2138 3561 2204 3620; x_wconf 91' lang='lat' dir='ltr'>et</span> <span class='ocrx_word' id='word_1_204' title='bbox 2235 3554 2580 3637; x_wconf 89' lang='lat' dir='ltr'>Elagabali</span> <span class='ocrx_word' id='word_1_205' title='bbox 2611 3554 2956 3637; x_wconf 90' lang='lat' dir='ltr'>imperium</span> 
     </span>
     <span class='ocr_line' id='line_1_30' title="bbox 580 3666 2958 3749; baseline -0.002 -15"><span class='ocrx_word' id='word_1_206' title='bbox 580 3666 1019 3747; x_wconf 87' lang='lat' dir='ltr'>efficiebatur,</span> <span class='ocrx_word' id='word_1_207' title='bbox 1076 3667 1400 3732; x_wconf 89' lang='lat' dir='ltr'>vaticiniis</span> <span class='ocrx_word' id='word_1_208' title='bbox 1440 3668 1784 3738; x_wconf 85' lang='lat' dir='ltr'>incitatum</span> <span class='ocrx_word' id='word_1_209' title='bbox 1830 3688 1971 3732; x_wconf 86' lang='lat' dir='ltr'>esse</span> <span class='ocrx_word' id='word_1_210' title='bbox 2018 3666 2192 3749; x_wconf 91' lang='lat' dir='ltr'>apud</span> <span class='ocrx_word' id='word_1_211' title='bbox 2241 3667 2514 3731; x_wconf 90' lang='lat' dir='ltr'>Dionem</span> <span class='ocrx_word' id='word_1_212' title='bbox 2533 3667 2588 3749; x_wconf 79' lang='lat'>3)</span> <span class='ocrx_word' id='word_1_213' title='bbox 2649 3671 2715 3731; x_wconf 89' lang='lat' dir='ltr'>et</span> <span class='ocrx_word' id='word_1_214' title='bbox 2755 3666 2958 3730; x_wconf 89' lang='lat' dir='ltr'>Zona-</span> 
     </span>
     <span class='ocr_line' id='line_1_31' title="bbox 580 3781 1139 3865; baseline -0.005 -19"><span class='ocrx_word' id='word_1_215' title='bbox 580 3802 721 3846; x_wconf 89' lang='lat' dir='ltr'>ram</span> <span class='ocrx_word' id='word_1_216' title='bbox 743 3781 801 3865; x_wconf 78' lang='lat'>4)</span> <span class='ocrx_word' id='word_1_217' title='bbox 846 3781 1139 3863; x_wconf 89' lang='lat' dir='ltr'>legimus.</span> 
     </span>
    </p>

    <p class='ocr_par' dir='ltr' id='par_1_8' title="bbox 576 3890 2959 4089">
     <span class='ocr_line' id='line_1_32' title="bbox 785 3890 2959 3973; baseline -0.002 -16"><span class='ocrx_word' id='word_1_218' title='bbox 785 3892 1209 3957; x_wconf 87' lang='lat' dir='ltr'>Maximinum</span> <span class='ocrx_word' id='word_1_219' title='bbox 1226 3941 1241 3971; x_wconf 95' lang='lat'>,</span> <span class='ocrx_word' id='word_1_220' title='bbox 1302 3912 1448 3955; x_wconf 91' lang='lat' dir='ltr'>cum</span> <span class='ocrx_word' id='word_1_221' title='bbox 1494 3891 1861 3973; x_wconf 88' lang='lat' dir='ltr'>Aquileiam</span> <span class='ocrx_word' id='word_1_222' title='bbox 1932 3890 2263 3956; x_wconf 87' lang='lat' dir='ltr'>obsideret</span> <span class='ocrx_word' id='word_1_223' title='bbox 2320 3910 2529 3971; x_wconf 90' lang='lat' dir='ltr'>neque</span> <span class='ocrx_word' id='word_1_224' title='bbox 2585 3908 2959 3971; x_wconf 89' lang='lat' dir='ltr'>expugnare</span> 
     </span>
     <span class='ocr_line' id='line_1_33' title="bbox 576 4000 2958 4089; baseline -0.003 -20"><span class='ocrx_word' id='word_1_225' title='bbox 576 4009 818 4089; x_wconf 88' lang='lat' dir='ltr'>posset,</span> <span class='ocrx_word' id='word_1_226' title='bbox 867 4004 968 4068; x_wconf 89' lang='lat' dir='ltr'>sui</span> <span class='ocrx_word' id='word_1_227' title='bbox 1011 4004 1250 4069; x_wconf 88' lang='lat' dir='ltr'>milites</span> <span class='ocrx_word' id='word_1_228' title='bbox 1292 4004 1724 4083; x_wconf 87' lang='lat' dir='ltr'>trucidavere,</span> <span class='ocrx_word' id='word_1_229' title='bbox 1766 4002 1942 4085; x_wconf 90' lang='lat' dir='ltr'>quod</span> <span class='ocrx_word' id='word_1_230' title='bbox 1988 4004 2127 4067; x_wconf 92' lang='lat' dir='ltr'>eius</span> <span class='ocrx_word' id='word_1_231' title='bbox 2173 4001 2429 4083; x_wconf 91' lang='lat' dir='ltr'>imperii</span> <span class='ocrx_word' id='word_1_232' title='bbox 2468 4000 2664 4065; x_wconf 91' lang='lat' dir='ltr'>finem</span> <span class='ocrx_word' id='word_1_233' title='bbox 2708 4001 2958 4064; x_wconf 87' lang='lat' dir='ltr'>instare</span> 
     </span>
    </p>
   </div>
   <div class='ocr_carea' id='block_1_3' title="bbox 785 4208 2350 4539">
    <p class='ocr_par' dir='ltr' id='par_1_9' title="bbox 790 4208 1411 4280">
     <span class='ocr_line' id='line_1_34' title="bbox 790 4208 1411 4280; baseline -0.002 -17"><span class='ocrx_word' id='word_1_234' title='bbox 790 4212 842 4280; x_wconf 90' lang='lat'>1)</span> <span class='ocrx_word' id='word_1_235' title='bbox 877 4209 989 4264; x_wconf 93' lang='lat' dir='ltr'>Dio</span> <span class='ocrx_word' id='word_1_236' title='bbox 1024 4208 1237 4264; x_wconf 87' lang='lat' dir='ltr'>LXIV.</span> <span class='ocrx_word' id='word_1_237' title='bbox 1276 4212 1323 4263; x_wconf 88' lang='lat'>6.</span> <span class='ocrx_word' id='word_1_238' title='bbox 1363 4213 1411 4263; x_wconf 88' lang='lat'>3.</span> 
     </span>
    </p>

    <p class='ocr_par' dir='ltr' id='par_1_10' title="bbox 785 4293 2350 4451">
     <span class='ocr_line' id='line_1_35' title="bbox 785 4293 2350 4366; baseline -0.003 -16"><span class='ocrx_word' id='word_1_239' title='bbox 785 4299 841 4366; x_wconf 84' lang='lat'>2)</span> <span class='ocrx_word' id='word_1_240' title='bbox 879 4297 1063 4366; x_wconf 82' lang='lat' dir='ltr'>Spart.</span> <span class='ocrx_word' id='word_1_241' title='bbox 1105 4295 1233 4365; x_wconf 84' lang='lat' dir='ltr'>Nig.</span> <span class='ocrx_word' id='word_1_242' title='bbox 1275 4298 1324 4350; x_wconf 84' lang='lat'>8.</span> <span class='ocrx_word' id='word_1_243' title='bbox 1365 4299 1410 4364; x_wconf 91' lang='lat'>1,</span> <span class='ocrx_word' id='word_1_244' title='bbox 1447 4298 1512 4362; x_wconf 81' lang='lat'>23</span> <span class='ocrx_word' id='word_1_245' title='bbox 1553 4294 1734 4362; x_wconf 82' lang='lat' dir='ltr'>Capit.</span> <span class='ocrx_word' id='word_1_246' title='bbox 1774 4293 1905 4348; x_wconf 88' lang='lat' dir='ltr'>Alb.</span> <span class='ocrx_word' id='word_1_247' title='bbox 1948 4296 1992 4347; x_wconf 90' lang='grc'>1.</span> <span class='ocrx_word' id='word_1_248' title='bbox 2027 4297 2094 4361; x_wconf 89' lang='grc'>4;</span> <span class='ocrx_word' id='word_1_249' title='bbox 2130 4295 2179 4348; x_wconf 83' lang='grc'>5.</span> <span class='ocrx_word' id='word_1_250' title='bbox 2216 4295 2265 4360; x_wconf 84' lang='lat'>4,</span> <span class='ocrx_word' id='word_1_251' title='bbox 2303 4296 2350 4348; x_wconf 82' lang='lat'>5.</span> 
     </span>
     <span class='ocr_line' id='line_1_36' title="bbox 786 4381 1513 4451; baseline -0.003 -15"><span class='ocrx_word' id='word_1_252' title='bbox 786 4384 841 4451; x_wconf 84' lang='lat'>3)</span> <span class='ocrx_word' id='word_1_253' title='bbox 881 4381 1218 4437; x_wconf 87' lang='lat' dir='ltr'>LXXVIII.</span> <span class='ocrx_word' id='word_1_254' title='bbox 1258 4384 1341 4436; x_wconf 85' lang='lat'>31.</span> <span class='ocrx_word' id='word_1_255' title='bbox 1382 4385 1427 4449; x_wconf 91' lang='lat'>1,</span> <span class='ocrx_word' id='word_1_256' title='bbox 1463 4384 1513 4434; x_wconf 79' lang='lat'>2.</span> 
     </span>
    </p>

    <p class='ocr_par' dir='ltr' id='par_1_11' title="bbox 787 4468 1144 4539">
     <span class='ocr_line' id='line_1_37' title="bbox 787 4468 1144 4539; baseline -0.011 -14"><span class='ocrx_word' id='word_1_257' title='bbox 787 4472 843 4539; x_wconf 88' lang='grc'>4)</span> <span class='ocrx_word' id='word_1_258' title='bbox 878 4468 1018 4525; x_wconf 85' lang='lat' dir='ltr'>XII.</span> <span class='ocrx_word' id='word_1_259' title='bbox 1064 4472 1144 4522; x_wconf 87' lang='lat'>13.</span> 
     </span>
    </p>
   </div>
   <div class='ocr_carea' id='block_1_4' title="bbox 3118 3499 3126 4781">
    <p class='ocr_par' dir='ltr' id='par_1_12' title="bbox 3118 3499 3126 4781">
     <span class='ocr_line' id='line_1_38' title="bbox 3118 3499 3126 4781; baseline 0 0"><span class='ocrx_word' id='word_1_260' title='bbox 3118 3499 3126 4781; x_wconf 95' lang='lat' dir='ltr'> </span> 
     </span>
    </p>
   </div>
  </div>
 </body>
</html>
