<?xml version="1.0" encoding="UTF-8"?>
<!DOCTYPE html PUBLIC "-//W3C//DTD XHTML 1.0 Transitional//EN"
    "http://www.w3.org/TR/xhtml1/DTD/xhtml1-transitional.dtd">
<html xmlns="http://www.w3.org/1999/xhtml" xml:lang="en" lang="en">
 <head>
  <title>
</title>
<meta http-equiv="Content-Type" content="text/html;charset=utf-8" />
  <meta name='ocr-system' content='tesseract 3.04.00' />
  <meta name='ocr-capabilities' content='ocr_page ocr_carea ocr_par ocr_line ocrx_word'/>
</head>
<body>
  <div class='ocr_page' id='page_1' title='image "./deominibusquaea00wagngoog_0088.png"; bbox 0 0 3167 5067; ppageno 0'>
   <div class='ocr_carea' id='block_1_1' title="bbox 1446 331 1877 389">
    <p class='ocr_par' dir='ltr' id='par_1_1' title="bbox 1446 331 1877 389">
     <span class='ocr_line' id='line_1_1' title="bbox 1446 331 1877 389; baseline -0.002 -16"><span class='ocrx_word' id='word_1_1' title='bbox 1446 331 1877 389; x_wconf 69' lang='lat'><strong>...84-</strong></span> 
     </span>
    </p>
   </div>
   <div class='ocr_carea' id='block_1_2' title="bbox 470 494 2954 2719">
    <p class='ocr_par' dir='ltr' id='par_1_2' title="bbox 782 494 2865 695">
     <span class='ocr_line' id='line_1_2' title="bbox 784 494 2865 584; baseline -0.003 -20"><span class='ocrx_word' id='word_1_2' title='bbox 784 554 795 564; x_wconf 96' lang='lat'><strong>.</strong></span> <span class='ocrx_word' id='word_1_3' title='bbox 827 553 879 564; x_wconf 95' lang='lat'><strong>..</strong></span> <span class='ocrx_word' id='word_1_4' title='bbox 929 507 1293 584; x_wconf 77' lang='lat' dir='ltr'><strong>postquam.</strong></span> <span class='ocrx_word' id='word_1_5' title='bbox 1343 550 1353 561; x_wconf 91' lang='lat'><strong>.</strong></span> <span class='ocrx_word' id='word_1_6' title='bbox 1385 551 1434 561; x_wconf 93' lang='lat'><strong>..</strong></span> <span class='ocrx_word' id='word_1_7' title='bbox 1528 498 2012 581; x_wconf 81' lang='lat' dir='ltr'><strong>Ctesiphontem</strong></span> <span class='ocrx_word' id='word_1_8' title='bbox 2047 498 2239 580; x_wconf 85' lang='lat' dir='ltr'><strong>cepit,</strong></span> <span class='ocrx_word' id='word_1_9' title='bbox 2285 503 2484 578; x_wconf 78' lang='lat' dir='ltr'><strong>super&#39;</strong></span> <span class='ocrx_word' id='word_1_10' title='bbox 2526 494 2865 577; x_wconf 81' lang='lat' dir='ltr'>Tigridem</span> 
     </span>
     <span class='ocr_line' id='line_1_3' title="bbox 782 611 2026 695; baseline -0.002 -18"><span class='ocrx_word' id='word_1_11' title='bbox 782 616 849 677; x_wconf 90' lang='lat' dir='ltr'><strong>in</strong></span> <span class='ocrx_word' id='word_1_12' title='bbox 894 613 1126 677; x_wconf 89' lang='lat' dir='ltr'><strong>castris</strong></span> <span class='ocrx_word' id='word_1_13' title='bbox 1173 613 1436 675; x_wconf 81' lang='lat' dir='ltr'><strong>fulmine</strong></span> <span class='ocrx_word' id='word_1_14' title='bbox 1481 613 1648 675; x_wconf 86' lang='lat' dir='ltr'><strong>ictus</strong></span> <span class='ocrx_word' id='word_1_15' title='bbox 1692 611 2026 695; x_wconf 78' lang='lat' dir='ltr'><strong>interiit“).</strong></span> 
     </span>
    </p>

    <p class='ocr_par' dir='ltr' id='par_1_3' title="bbox 470 703 2954 2274">
     <span class='ocr_line' id='line_1_4' title="bbox 677 703 2869 814; baseline -0.002 -23"><span class='ocrx_word' id='word_1_16' title='bbox 677 703 949 791; x_wconf 28' lang='lat' dir='ltr'><strong>Flavius*</strong></span> <span class='ocrx_word' id='word_1_17' title='bbox 987 725 1301 814; x_wconf 79' lang='lat' dir='ltr'><strong>Vopiscus</strong></span> <span class='ocrx_word' id='word_1_18' title='bbox 1342 729 1541 807; x_wconf 84' lang='lat' dir='ltr'><strong>negat</strong></span> <span class='ocrx_word' id='word_1_19' title='bbox 1604 729 1670 788; x_wconf 89' lang='lat' dir='ltr'><strong>et</strong></span> <span class='ocrx_word' id='word_1_20' title='bbox 1720 725 1987 789; x_wconf 84' lang='lat' dir='ltr'><strong>fulmine</strong></span> <span class='ocrx_word' id='word_1_21' title='bbox 2041 725 2501 807; x_wconf 73' lang='lat' dir='ltr'><strong>interemptam</strong></span> <span class='ocrx_word' id='word_1_22' title='bbox 2546 745 2688 788; x_wconf 90' lang='lat' dir='ltr'><strong>esse</strong></span> <span class='ocrx_word' id='word_1_23' title='bbox 2737 724 2869 787; x_wconf 88' lang='lat' dir='ltr'><strong>Ca-</strong></span> 
     </span>
     <span class='ocr_line' id='line_1_5' title="bbox 470 836 2868 922; baseline -0.003 -17"><span class='ocrx_word' id='word_1_24' title='bbox 470 864 612 905; x_wconf 87' lang='lat' dir='ltr'><strong>rum</strong></span> <span class='ocrx_word' id='word_1_25' title='bbox 644 846 710 903; x_wconf 89' lang='lat' dir='ltr'><strong>et</strong></span> <span class='ocrx_word' id='word_1_26' title='bbox 739 838 1098 922; x_wconf 87' lang='lat' dir='ltr'><strong>principem</strong></span> <span class='ocrx_word' id='word_1_27' title='bbox 1132 838 1491 901; x_wconf 83' lang='lat' dir='ltr'><strong>Romanum</strong></span> <span class='ocrx_word' id='word_1_28' title='bbox 1520 837 2006 921; x_wconf 82' lang='lat' dir='ltr'><strong>Ctesiphontem</strong></span> <span class='ocrx_word' id='word_1_29' title='bbox 2055 836 2428 919; x_wconf 79' lang='lat' dir='ltr'><strong>transgredi</strong></span> <span class='ocrx_word' id='word_1_30' title='bbox 2470 857 2597 900; x_wconf 91' lang='lat' dir='ltr'><strong>non</strong></span> <span class='ocrx_word' id='word_1_31' title='bbox 2636 857 2868 919; x_wconf 83' lang='lat' dir='ltr'><strong>posse3</strong></span> 
     </span>
     <span class='ocr_line' id='line_1_6' title="bbox 470 949 2954 1037; baseline -0.002 -19"><span class='ocrx_word' id='word_1_32' title='bbox 470 975 681 1037; x_wconf 91' lang='lat' dir='ltr'><strong>neque</strong></span> <span class='ocrx_word' id='word_1_33' title='bbox 742 951 910 1016; x_wconf 90' lang='lat' dir='ltr'><strong>enim</strong></span> <span class='ocrx_word' id='word_1_34' title='bbox 958 950 1226 1014; x_wconf 85' lang='lat' dir='ltr'><strong>fulmine</strong></span> <span class='ocrx_word' id='word_1_35' title='bbox 1285 949 1398 1014; x_wconf 91' lang='lat' dir='ltr'><strong>sed</strong></span> <span class='ocrx_word' id='word_1_36' title='bbox 1440 949 1670 1015; x_wconf 86' lang='lat' dir='ltr'><strong>morbo</strong></span> <span class='ocrx_word' id='word_1_37' title='bbox 1731 950 2147 1034; x_wconf 89' lang='lat' dir='ltr'><strong>absumptum</strong></span> <span class='ocrx_word' id='word_1_38' title='bbox 2212 950 2448 1014; x_wconf 85' lang='lat' dir='ltr'><strong>Carum</strong></span> <span class='ocrx_word' id='word_1_39' title='bbox 2494 971 2636 1013; x_wconf 90' lang='lat' dir='ltr'><strong>esse</strong></span> <span class='ocrx_word' id='word_1_40' title='bbox 2683 949 2867 1031; x_wconf 86' lang='lat' dir='ltr'><strong>(Car.</strong></span> <span class='ocrx_word' id='word_1_41' title='bbox 2933 959 2954 974; x_wconf 68' lang='lat'>⁸</span> 
     </span>
     <span class='ocr_line' id='line_1_7' title="bbox 472 1061 2869 1147; baseline -0.003 -16"><span class='ocrx_word' id='word_1_42' title='bbox 472 1073 529 1131; x_wconf 84' lang='lat'><strong>8.</strong></span> <span class='ocrx_word' id='word_1_43' title='bbox 579 1071 635 1145; x_wconf 87' lang='lat'><strong>3,</strong></span> <span class='ocrx_word' id='word_1_44' title='bbox 685 1067 750 1147; x_wconf 90' lang='lat'><strong>7)</strong></span> <span class='ocrx_word' id='word_1_45' title='bbox 815 1068 1014 1147; x_wconf 89' lang='lat' dir='ltr'><strong>atque</strong></span> <span class='ocrx_word' id='word_1_46' title='bbox 1064 1062 1531 1127; x_wconf 83' lang='lat' dir='ltr'><strong>Maximianum</strong></span> <span class='ocrx_word' id='word_1_47' title='bbox 1577 1064 1921 1128; x_wconf 86' lang='lat' dir='ltr'><strong>Caesarem</strong></span> <span class='ocrx_word' id='word_1_48' title='bbox 1970 1063 2145 1127; x_wconf 87' lang='lat' dir='ltr'><strong>ultra</strong></span> <span class='ocrx_word' id='word_1_49' title='bbox 2191 1070 2304 1127; x_wconf 79' lang='lat' dir='ltr'><strong>eos‘</strong></span> <span class='ocrx_word' id='word_1_50' title='bbox 2348 1061 2509 1127; x_wconf 90' lang='lat' dir='ltr'><strong>fines</strong></span> <span class='ocrx_word' id='word_1_51' title='bbox 2555 1083 2869 1145; x_wconf 87' lang='lat' dir='ltr'><strong>progres-</strong></span> 
     </span>
     <span class='ocr_line' id='line_1_8' title="bbox 472 1175 2871 1260; baseline -0.003 -15"><span class='ocrx_word' id='word_1_52' title='bbox 472 1202 614 1245; x_wconf 91' lang='lat' dir='ltr'><strong>sum</strong></span> <span class='ocrx_word' id='word_1_53' title='bbox 661 1178 896 1242; x_wconf 84' lang='lat' dir='ltr'><strong>Persas</strong></span> <span class='ocrx_word' id='word_1_54' title='bbox 941 1176 1171 1241; x_wconf 85' lang='lat' dir='ltr'><strong>vicisse</strong></span> <span class='ocrx_word' id='word_1_55' title='bbox 1236 1175 1346 1260; x_wconf 91' lang='lat' dir='ltr'><strong>(ib.</strong></span> <span class='ocrx_word' id='word_1_56' title='bbox 1395 1181 1452 1240; x_wconf 88' lang='lat'><strong>9.</strong></span> <span class='ocrx_word' id='word_1_57' title='bbox 1503 1178 1586 1259; x_wconf 90' lang='lat'><strong>3).</strong></span> <span class='ocrx_word' id='word_1_58' title='bbox 1680 1175 1807 1241; x_wconf 86' lang='lat' dir='ltr'><strong>Sed</strong></span> <span class='ocrx_word' id='word_1_59' title='bbox 1855 1176 2149 1260; x_wconf 85' lang='lat' dir='ltr'><strong>quamvis</strong></span> <span class='ocrx_word' id='word_1_60' title='bbox 2197 1176 2511 1260; x_wconf 82' lang='lat' dir='ltr'><strong>Vopiscus</strong></span> <span class='ocrx_word' id='word_1_61' title='bbox 2553 1176 2727 1259; x_wconf 87' lang='lat' dir='ltr'><strong>ipse,</strong></span> <span class='ocrx_word' id='word_1_62' title='bbox 2783 1180 2871 1239; x_wconf 90' lang='lat' dir='ltr'><strong>ut</strong></span> 
     </span>
     <span class='ocr_line' id='line_1_9' title="bbox 473 1288 2869 1372; baseline -0.003 -15"><span class='ocrx_word' id='word_1_63' title='bbox 473 1297 574 1358; x_wconf 89' lang='lat' dir='ltr'><strong>est</strong></span> <span class='ocrx_word' id='word_1_64' title='bbox 615 1291 809 1355; x_wconf 91' lang='lat' dir='ltr'><strong>homo</strong></span> <span class='ocrx_word' id='word_1_65' title='bbox 854 1289 1067 1353; x_wconf 90' lang='lat' dir='ltr'><strong>minus</strong></span> <span class='ocrx_word' id='word_1_66' title='bbox 1113 1309 1308 1371; x_wconf 90' lang='lat' dir='ltr'><strong>quam</strong></span> <span class='ocrx_word' id='word_1_67' title='bbox 1371 1289 1482 1352; x_wconf 89' lang='lat' dir='ltr'><strong>alii</strong></span> <span class='ocrx_word' id='word_1_68' title='bbox 1540 1289 2062 1372; x_wconf 80' lang='lat' dir='ltr'><strong>superstitiosus,</strong></span> <span class='ocrx_word' id='word_1_69' title='bbox 2119 1289 2213 1352; x_wconf 90' lang='lat' dir='ltr'><strong>illi</strong></span> <span class='ocrx_word' id='word_1_70' title='bbox 2268 1288 2534 1352; x_wconf 88' lang='lat' dir='ltr'><strong>oraculo</strong></span> <span class='ocrx_word' id='word_1_71' title='bbox 2602 1288 2869 1367; x_wconf 85' lang='lat' dir='ltr'><strong>illudat,</strong></span> 
     </span>
     <span class='ocr_line' id='line_1_10' title="bbox 471 1401 2870 1484; baseline -0.002 -14"><span class='ocrx_word' id='word_1_72' title='bbox 471 1411 693 1470; x_wconf 88' lang='lat' dir='ltr'><strong>tamen</strong></span> <span class='ocrx_word' id='word_1_73' title='bbox 729 1423 1032 1484; x_wconf 84' lang='lat' dir='ltr'><strong>magnam</strong></span> <span class='ocrx_word' id='word_1_74' title='bbox 1075 1406 1330 1484; x_wconf 87' lang='lat' dir='ltr'><strong>partem</strong></span> <span class='ocrx_word' id='word_1_75' title='bbox 1378 1401 1709 1465; x_wconf 88' lang='lat' dir='ltr'><strong>hominum</strong></span> <span class='ocrx_word' id='word_1_76' title='bbox 1759 1401 2111 1466; x_wconf 85' lang='lat' dir='ltr'><strong>credidisse</strong></span> <span class='ocrx_word' id='word_1_77' title='bbox 2168 1402 2435 1466; x_wconf 85' lang='lat' dir='ltr'><strong>fulmine</strong></span> <span class='ocrx_word' id='word_1_78' title='bbox 2482 1402 2716 1466; x_wconf 85' lang='lat' dir='ltr'><strong>Carum</strong></span> <span class='ocrx_word' id='word_1_79' title='bbox 2759 1407 2870 1465; x_wconf 87' lang='lat' dir='ltr'><strong>at-</strong></span> 
     </span>
     <span class='ocr_line' id='line_1_11' title="bbox 474 1511 2870 1601; baseline -0.002 -19"><span class='ocrx_word' id='word_1_80' title='bbox 474 1538 600 1601; x_wconf 90' lang='lat' dir='ltr'><strong>que</strong></span> <span class='ocrx_word' id='word_1_81' title='bbox 645 1513 733 1581; x_wconf 67' lang='lat' dir='ltr'><strong>ob&#39;</strong></span> <span class='ocrx_word' id='word_1_82' title='bbox 775 1511 1228 1579; x_wconf 67' lang='lat' dir='ltr'><strong>eam&#39;causam</strong></span> <span class='ocrx_word' id='word_1_83' title='bbox 1272 1514 1767 1597; x_wconf 87' lang='lat' dir='ltr'><strong>interemptum,</strong></span> <span class='ocrx_word' id='word_1_84' title='bbox 1833 1513 2007 1596; x_wconf 89' lang='lat' dir='ltr'><strong>quod</strong></span> <span class='ocrx_word' id='word_1_85' title='bbox 2054 1514 2216 1578; x_wconf 93' lang='lat' dir='ltr'><strong>illud</strong></span> <span class='ocrx_word' id='word_1_86' title='bbox 2258 1515 2592 1579; x_wconf 89' lang='lat' dir='ltr'><strong>oraculum</strong></span> <span class='ocrx_word' id='word_1_87' title='bbox 2640 1514 2870 1596; x_wconf 83' lang='lat' dir='ltr'><strong>negle-&#39;</strong></span> 
     </span>
     <span class='ocr_line' id='line_1_12' title="bbox 472 1626 2869 1710; baseline -0.001 -17"><span class='ocrx_word' id='word_1_88' title='bbox 472 1630 710 1707; x_wconf 86' lang='lat' dir='ltr'><strong>xisset‚</strong></span> <span class='ocrx_word' id='word_1_89' title='bbox 775 1649 854 1692; x_wconf 91' lang='lat' dir='ltr'><strong>ex</strong></span> <span class='ocrx_word' id='word_1_90' title='bbox 912 1627 1117 1710; x_wconf 90' lang='lat' dir='ltr'><strong>ipsius</strong></span> <span class='ocrx_word' id='word_1_91' title='bbox 1163 1626 1424 1709; x_wconf 83' lang='lat' dir='ltr'><strong>Vopisci</strong></span> <span class='ocrx_word' id='word_1_92' title='bbox 1487 1626 1704 1690; x_wconf 86' lang='lat' dir='ltr'><strong>verbis</strong></span> <span class='ocrx_word' id='word_1_93' title='bbox 1751 1626 1992 1690; x_wconf 87' lang='lat' dir='ltr'><strong>elucet:</strong></span> <span class='ocrx_word' id='word_1_94' title='bbox 2061 1626 2148 1690; x_wconf 90' lang='lat' dir='ltr'><strong>ib.</strong></span> <span class='ocrx_word' id='word_1_95' title='bbox 2195 1632 2251 1691; x_wconf 79' lang='lat'><strong>8.</strong></span> <span class='ocrx_word' id='word_1_96' title='bbox 2303 1632 2359 1689; x_wconf 84' lang='lat'><strong>2.</strong></span> <span class='ocrx_word' id='word_1_97' title='bbox 2450 1632 2562 1706; x_wconf 86' lang='lat' dir='ltr'><strong>„ut</strong></span> <span class='ocrx_word' id='word_1_98' title='bbox 2606 1626 2716 1690; x_wconf 88' lang='lat' dir='ltr'><strong>alii</strong></span> <span class='ocrx_word' id='word_1_99' title='bbox 2763 1626 2869 1690; x_wconf 90' lang='lat' dir='ltr'><strong>di-</strong></span> 
     </span>
     <span class='ocr_line' id='line_1_13' title="bbox 476 1737 2866 1822; baseline -0 -17"><span class='ocrx_word' id='word_1_100' title='bbox 476 1745 631 1806; x_wconf 87' lang='lat' dir='ltr'><strong>cunt</strong></span> <span class='ocrx_word' id='word_1_101' title='bbox 674 1739 939 1818; x_wconf 91' lang='lat' dir='ltr'><strong>morb0,</strong></span> <span class='ocrx_word' id='word_1_102' title='bbox 1000 1743 1090 1802; x_wconf 89' lang='lat' dir='ltr'><strong>ut</strong></span> <span class='ocrx_word' id='word_1_103' title='bbox 1149 1737 1442 1822; x_wconf 91' lang='lat' dir='ltr'><strong>plures</strong></span> <span class='ocrx_word' id='word_1_104' title='bbox 1503 1738 1855 1803; x_wconf 86' lang='lat' dir='ltr'><strong>fulmine</strong></span> <span class='ocrx_word' id='word_1_105' title='bbox 1900 1738 2329 1822; x_wconf 85' lang='lat' dir='ltr'><strong>interemptus</strong></span> <span class='ocrx_word' id='word_1_106' title='bbox 2370 1743 2505 1803; x_wconf 85' lang='lat' dir='ltr'><strong>est“</strong></span> <span class='ocrx_word' id='word_1_107' title='bbox 2551 1743 2617 1803; x_wconf 89' lang='lat' dir='ltr'><strong>et</strong></span> <span class='ocrx_word' id='word_1_108' title='bbox 2664 1739 2749 1802; x_wconf 92' lang='lat' dir='ltr'><strong>ib.</strong></span> <span class='ocrx_word' id='word_1_109' title='bbox 2799 1746 2866 1804; x_wconf 87' lang='grc'><strong>9.</strong></span> 
     </span>
     <span class='ocr_line' id='line_1_14' title="bbox 480 1850 2871 1935; baseline -0.002 -17"><span class='ocrx_word' id='word_1_110' title='bbox 480 1860 533 1918; x_wconf 93' lang='grc'><strong>1.</strong></span> <span class='ocrx_word' id='word_1_111' title='bbox 601 1902 743 1932; x_wconf 86' lang='grc'><strong>,,...</strong></span> <span class='ocrx_word' id='word_1_112' title='bbox 791 1851 1006 1935; x_wconf 92' lang='lat' dir='ltr'><strong>quod</strong></span> <span class='ocrx_word' id='word_1_113' title='bbox 1050 1851 1447 1934; x_wconf 86' lang='lat' dir='ltr'><strong>plerique</strong></span> <span class='ocrx_word' id='word_1_114' title='bbox 1494 1850 1825 1929; x_wconf 82' lang='lat' dir='ltr'><strong>dicunt,</strong></span> <span class='ocrx_word' id='word_1_115' title='bbox 1872 1851 1998 1914; x_wconf 89' lang='lat' dir='ltr'><strong>vim</strong></span> <span class='ocrx_word' id='word_1_116' title='bbox 2044 1850 2163 1915; x_wconf 86' lang='lat' dir='ltr'><strong>fati</strong></span> <span class='ocrx_word' id='word_1_117' title='bbox 2204 1851 2532 1933; x_wconf 89' lang='lat' dir='ltr'><strong>quandam</strong></span> <span class='ocrx_word' id='word_1_118' title='bbox 2578 1872 2737 1930; x_wconf 88' lang='lat' dir='ltr'><strong>esse,</strong></span> <span class='ocrx_word' id='word_1_119' title='bbox 2786 1857 2871 1915; x_wconf 90' lang='lat' dir='ltr'><strong>ut</strong></span> 
     </span>
     <span class='ocr_line' id='line_1_15' title="bbox 476 1963 2872 2047; baseline 0 -18"><span class='ocrx_word' id='word_1_120' title='bbox 476 1967 804 2029; x_wconf 88' lang='lat' dir='ltr'><strong>Romanus</strong></span> <span class='ocrx_word' id='word_1_121' title='bbox 867 1964 1168 2047; x_wconf 89' lang='lat' dir='ltr'><strong>princeps</strong></span> <span class='ocrx_word' id='word_1_122' title='bbox 1230 1964 1649 2028; x_wconf 87' lang='lat' dir='ltr'><strong>Ctesifontem</strong></span> <span class='ocrx_word' id='word_1_123' title='bbox 1708 1964 1988 2043; x_wconf 87' lang='lat' dir='ltr'><strong>transire</strong></span> <span class='ocrx_word' id='word_1_124' title='bbox 2064 1984 2191 2026; x_wconf 90' lang='lat' dir='ltr'><strong>non</strong></span> <span class='ocrx_word' id='word_1_125' title='bbox 2259 1964 2496 2047; x_wconf 86' lang='lat' dir='ltr'><strong>possit,</strong></span> <span class='ocrx_word' id='word_1_126' title='bbox 2563 1963 2872 2047; x_wconf 73' lang='lat' dir='ltr'><strong>{ideoque</strong></span> 
     </span>
     <span class='ocr_line' id='line_1_16' title="bbox 475 2075 2875 2160; baseline -0.001 -17"><span class='ocrx_word' id='word_1_127' title='bbox 475 2079 712 2144; x_wconf 86' lang='lat' dir='ltr'><strong>Carum</strong></span> <span class='ocrx_word' id='word_1_128' title='bbox 757 2075 1025 2150; x_wconf 86' lang='lat' dir='ltr'><strong>fulmine</strong></span> <span class='ocrx_word' id='word_1_129' title='bbox 1069 2075 1485 2159; x_wconf 89' lang='lat' dir='ltr'><strong>absumptum</strong></span> <span class='ocrx_word' id='word_1_130' title='bbox 1546 2076 1722 2159; x_wconf 89' lang='lat' dir='ltr'><strong>quod</strong></span> <span class='ocrx_word' id='word_1_131' title='bbox 1782 2097 1892 2140; x_wconf 91' lang='lat' dir='ltr'><strong>eos</strong></span> <span class='ocrx_word' id='word_1_132' title='bbox 1949 2075 2109 2139; x_wconf 89' lang='lat' dir='ltr'><strong>fines</strong></span> <span class='ocrx_word' id='word_1_133' title='bbox 2171 2076 2542 2160; x_wconf 83' lang='lat' dir='ltr'><strong>transgredi</strong></span> <span class='ocrx_word' id='word_1_134' title='bbox 2590 2080 2875 2160; x_wconf 83' lang='lat' dir='ltr'><strong>cuperet</strong></span> 
     </span>
     <span class='ocr_line' id='line_1_17' title="bbox 478 2187 2538 2274; baseline -0.003 -19"><span class='ocrx_word' id='word_1_135' title='bbox 478 2191 590 2274; x_wconf 92' lang='lat' dir='ltr'><strong>qui</strong></span> <span class='ocrx_word' id='word_1_136' title='bbox 635 2187 930 2254; x_wconf 86' lang='lat' dir='ltr'><strong>fataliter</strong></span> <span class='ocrx_word' id='word_1_137' title='bbox 975 2189 1312 2253; x_wconf 88' lang='lat' dir='ltr'><strong>constituti</strong></span> <span class='ocrx_word' id='word_1_138' title='bbox 1357 2193 1545 2253; x_wconf 67' lang='lat' dir='ltr'><strong>sunti‘</strong></span> <span class='ocrx_word' id='word_1_139' title='bbox 2531 2266 2538 2273; x_wconf 87' lang='lat'><strong>.</strong></span> 
     </span>
    </p>

    <p class='ocr_par' dir='ltr' id='par_1_4' title="bbox 478 2299 2872 2719">
     <span class='ocr_line' id='line_1_18' title="bbox 673 2299 2872 2380; baseline 0.001 -15"><span class='ocrx_word' id='word_1_140' title='bbox 673 2303 901 2380; x_wconf 77' lang='lat' dir='ltr'><strong>Quare</strong></span> <span class='ocrx_word' id='word_1_141' title='bbox 970 2299 1284 2364; x_wconf 79' lang='lat' dir='ltr'><strong>existimo</strong></span> <span class='ocrx_word' id='word_1_142' title='bbox 1343 2301 1678 2366; x_wconf 91' lang='lat' dir='ltr'><strong>oraculum</strong></span> <span class='ocrx_word' id='word_1_143' title='bbox 1759 2308 2052 2365; x_wconf 89' lang='lat' dir='ltr'><strong>nostrum</strong></span> <span class='ocrx_word' id='word_1_144' title='bbox 2120 2302 2187 2364; x_wconf 88' lang='lat' dir='ltr'><strong>in</strong></span> <span class='ocrx_word' id='word_1_145' title='bbox 2253 2302 2574 2367; x_wconf 91' lang='lat' dir='ltr'><strong>ominibus</strong></span> <span class='ocrx_word' id='word_1_146' title='bbox 2630 2304 2872 2368; x_wconf 89' lang='lat' dir='ltr'><strong>mortis</strong></span> 
     </span>
     <span class='ocr_line' id='line_1_19' title="bbox 478 2412 2871 2495; baseline 0 -16"><span class='ocrx_word' id='word_1_147' title='bbox 478 2436 618 2480; x_wconf 91' lang='lat' dir='ltr'><strong>esse</strong></span> <span class='ocrx_word' id='word_1_148' title='bbox 664 2412 1146 2492; x_wconf 88' lang='lat' dir='ltr'><strong>collocandum,</strong></span> <span class='ocrx_word' id='word_1_149' title='bbox 1209 2413 1384 2495; x_wconf 92' lang='lat' dir='ltr'><strong>quod</strong></span> <span class='ocrx_word' id='word_1_150' title='bbox 1443 2414 1957 2478; x_wconf 87' lang='lat' dir='ltr'><strong>demonstratum</strong></span> <span class='ocrx_word' id='word_1_151' title='bbox 2022 2428 2163 2477; x_wconf 89' lang='lat' dir='ltr'><strong>esse</strong></span> <span class='ocrx_word' id='word_1_152' title='bbox 2225 2414 2510 2478; x_wconf 87' lang='lat' dir='ltr'><strong>arbitror</strong></span> <span class='ocrx_word' id='word_1_153' title='bbox 2567 2414 2728 2478; x_wconf 88' lang='lat' dir='ltr'><strong>illud</strong></span> <span class='ocrx_word' id='word_1_154' title='bbox 2777 2416 2871 2480; x_wconf 90' lang='lat' dir='ltr'><strong>ab</strong></span> 
     </span>
     <span class='ocr_line' id='line_1_20' title="bbox 479 2524 2872 2611; baseline -0 -19"><span class='ocrx_word' id='word_1_155' title='bbox 479 2525 863 2611; x_wconf 89' lang='lat' dir='ltr'><strong>aequalibus</strong></span> <span class='ocrx_word' id='word_1_156' title='bbox 896 2524 1117 2589; x_wconf 89' lang='lat' dir='ltr'><strong>multis</strong></span> <span class='ocrx_word' id='word_1_157' title='bbox 1163 2546 1281 2608; x_wconf 89' lang='lat' dir='ltr'><strong>pro</strong></span> <span class='ocrx_word' id='word_1_158' title='bbox 1308 2527 1490 2608; x_wconf 83' lang='lat' dir='ltr'><strong>signo</strong></span> <span class='ocrx_word' id='word_1_159' title='bbox 1521 2526 1822 2590; x_wconf 84' lang='lat' dir='ltr'><strong>interitus</strong></span> <span class='ocrx_word' id='word_1_160' title='bbox 1856 2526 2024 2604; x_wconf 82' lang='lat' dir='ltr'><strong>Cari,</strong></span> <span class='ocrx_word' id='word_1_161' title='bbox 2073 2547 2217 2590; x_wconf 91' lang='lat' dir='ltr'><strong>cum</strong></span> <span class='ocrx_word' id='word_1_162' title='bbox 2251 2526 2334 2590; x_wconf 86' lang='lat' dir='ltr'><strong>ab</strong></span> <span class='ocrx_word' id='word_1_163' title='bbox 2382 2547 2458 2590; x_wconf 92' lang='lat' dir='ltr'><strong>eo</strong></span> <span class='ocrx_word' id='word_1_164' title='bbox 2493 2526 2872 2609; x_wconf 84' lang='lat' dir='ltr'><strong>neglectum</strong></span> 
     </span>
     <span class='ocr_line' id='line_1_21' title="bbox 480 2637 1187 2719; baseline -0.004 -15"><span class='ocrx_word' id='word_1_165' title='bbox 480 2644 669 2719; x_wconf 77' lang='lat' dir='ltr'><strong>esset,</strong></span> <span class='ocrx_word' id='word_1_166' title='bbox 716 2637 982 2703; x_wconf 88' lang='lat' dir='ltr'><strong>ductum</strong></span> <span class='ocrx_word' id='word_1_167' title='bbox 1029 2658 1187 2702; x_wconf 90' lang='lat' dir='ltr'><strong>esse.</strong></span> 
     </span>
    </p>
   </div>
   <div class='ocr_carea' id='block_1_3' title="bbox 1368 2836 1979 2901">
    <p class='ocr_par' dir='ltr' id='par_1_5' title="bbox 1368 2836 1979 2901">
     <span class='ocr_line' id='line_1_22' title="bbox 1368 2836 1979 2901; baseline 0.002 -2"><span class='ocrx_word' id='word_1_168' title='bbox 1368 2836 1979 2901; x_wconf 71' lang='lat' dir='ltr'><strong>Diocletianus</strong></span> 
     </span>
    </p>
   </div>
   <div class='ocr_carea' id='block_1_4' title="bbox 479 2975 2876 4523">
    <p class='ocr_par' dir='ltr' id='par_1_6' title="bbox 479 2975 2875 3285">
     <span class='ocr_line' id='line_1_23' title="bbox 686 2975 2875 3061; baseline 0.001 -21"><span class='ocrx_word' id='word_1_169' title='bbox 686 2976 1132 3059; x_wconf 87' lang='lat' dir='ltr'><strong>Comperimus</strong></span> <span class='ocrx_word' id='word_1_170' title='bbox 1178 2975 1654 3039; x_wconf 89' lang='lat' dir='ltr'><strong>Diocletianum</strong></span> <span class='ocrx_word' id='word_1_171' title='bbox 1708 2975 1916 3039; x_wconf 85' lang='lat' dir='ltr'><strong>multa</strong></span> <span class='ocrx_word' id='word_1_172' title='bbox 1960 2975 2177 3039; x_wconf 86' lang='lat' dir='ltr'><strong>omina</strong></span> <span class='ocrx_word' id='word_1_173' title='bbox 2229 2977 2488 3060; x_wconf 87' lang='lat' dir='ltr'><strong>imperii</strong></span> <span class='ocrx_word' id='word_1_174' title='bbox 2533 2978 2875 3061; x_wconf 88' lang='lat' dir='ltr'><strong>accepisse</strong></span> 
     </span>
     <span class='ocr_line' id='line_1_24' title="bbox 480 3087 2874 3174; baseline 0 -21"><span class='ocrx_word' id='word_1_175' title='bbox 480 3089 669 3173; x_wconf 88' lang='lat' dir='ltr'><strong>(Vop.</strong></span> <span class='ocrx_word' id='word_1_176' title='bbox 717 3089 859 3153; x_wconf 87' lang='lat' dir='ltr'><strong>Car.</strong></span> <span class='ocrx_word' id='word_1_177' title='bbox 914 3093 1010 3152; x_wconf 90' lang='lat'><strong>13.</strong></span> <span class='ocrx_word' id='word_1_178' title='bbox 1063 3090 1144 3171; x_wconf 85' lang='lat'><strong>1),</strong></span> <span class='ocrx_word' id='word_1_179' title='bbox 1190 3110 1224 3152; x_wconf 91' lang='lat' dir='ltr'><strong>e</strong></span> <span class='ocrx_word' id='word_1_180' title='bbox 1270 3087 1508 3171; x_wconf 89' lang='lat' dir='ltr'><strong>quibus</strong></span> <span class='ocrx_word' id='word_1_181' title='bbox 1554 3110 1753 3153; x_wconf 90' lang='lat' dir='ltr'><strong>unum</strong></span> <span class='ocrx_word' id='word_1_182' title='bbox 1798 3109 1837 3152; x_wconf 90' lang='lat' dir='ltr'><strong>a</strong></span> <span class='ocrx_word' id='word_1_183' title='bbox 1883 3088 2162 3171; x_wconf 90' lang='lat' dir='ltr'><strong>Vopisco</strong></span> <span class='ocrx_word' id='word_1_184' title='bbox 2231 3088 2402 3173; x_wconf 84' lang='lat' dir='ltr'><strong>(Car.</strong></span> <span class='ocrx_word' id='word_1_185' title='bbox 2455 3095 2551 3154; x_wconf 91' lang='grc'><strong>14.</strong></span> <span class='ocrx_word' id='word_1_186' title='bbox 2604 3091 2709 3174; x_wconf 83' lang='grc'><strong>15)</strong></span> <span class='ocrx_word' id='word_1_187' title='bbox 2759 3111 2874 3154; x_wconf 91' lang='lat' dir='ltr'><strong>co-</strong></span> 
     </span>
     <span class='ocr_line' id='line_1_25' title="bbox 479 3192 2122 3285; baseline -0.001 -20"><span class='ocrx_word' id='word_1_188' title='bbox 479 3201 843 3285; x_wconf 90' lang='lat' dir='ltr'><strong>piosissime</strong></span> <span class='ocrx_word' id='word_1_189' title='bbox 890 3200 1254 3284; x_wconf 86' lang='lat' dir='ltr'><strong>explicitur.</strong></span> <span class='ocrx_word' id='word_1_190' title='bbox 1345 3200 1647 3283; x_wconf 84' lang='lat' dir='ltr'><strong>Legimus</strong></span> <span class='ocrx_word' id='word_1_191' title='bbox 1691 3200 1867 3284; x_wconf 89' lang='lat' dir='ltr'><strong>apud</strong></span> <span class='ocrx_word' id='word_1_192' title='bbox 1897 3192 2122 3264; x_wconf 44' lang='lat' dir='ltr'><strong>eumz.</strong></span> 
     </span>
    </p>

    <p class='ocr_par' dir='ltr' id='par_1_7' title="bbox 484 3313 2876 4523">
     <span class='ocr_line' id='line_1_26' title="bbox 893 3313 2875 3404; baseline 0.001 -27"><span class='ocrx_word' id='word_1_193' title='bbox 893 3314 979 3378; x_wconf 93' lang='lat' dir='ltr'><strong>ib.</strong></span> <span class='ocrx_word' id='word_1_194' title='bbox 1029 3319 1124 3377; x_wconf 89' lang='lat'><strong>14.</strong></span> <span class='ocrx_word' id='word_1_195' title='bbox 1175 3318 1232 3393; x_wconf 85' lang='lat'><strong>2,</strong></span> <span class='ocrx_word' id='word_1_196' title='bbox 1278 3319 1334 3377; x_wconf 87' lang='lat'><strong>3.</strong></span> <span class='ocrx_word' id='word_1_197' title='bbox 1427 3335 1642 3394; x_wconf 89' lang='lat' dir='ltr'><strong>„cum,</strong></span> <span class='ocrx_word' id='word_1_198' title='bbox 1689 3314 1933 3396; x_wconf 78' lang='lat' dir='ltr'><strong>inquit,</strong></span> <span class='ocrx_word' id='word_1_199' title='bbox 1987 3313 2433 3404; x_wconf 88' lang='lat' dir='ltr'><strong>Diocletianus</strong></span> <span class='ocrx_word' id='word_1_200' title='bbox 2477 3313 2652 3397; x_wconf 89' lang='lat' dir='ltr'><strong>apud</strong></span> <span class='ocrx_word' id='word_1_201' title='bbox 2695 3314 2875 3378; x_wconf 87' lang='lat' dir='ltr'><strong>Tun-</strong></span> 
     </span>
     <span class='ocr_line' id='line_1_27' title="bbox 794 3411 2873 3509; baseline 0.001 -21"><span class='ocrx_word' id='word_1_202' title='bbox 794 3446 944 3508; x_wconf 82' lang='lat' dir='ltr'><strong>gros</strong></span> <span class='ocrx_word' id='word_1_203' title='bbox 989 3426 1057 3488; x_wconf 88' lang='lat' dir='ltr'><strong>in</strong></span> <span class='ocrx_word' id='word_1_204' title='bbox 1102 3411 1317 3489; x_wconf 86' lang='lat' dir='ltr'><strong>Gallia</strong></span> <span class='ocrx_word' id='word_1_205' title='bbox 1358 3425 1426 3489; x_wconf 90' lang='lat' dir='ltr'><strong>in</strong></span> <span class='ocrx_word' id='word_1_206' title='bbox 1472 3426 1757 3508; x_wconf 87' lang='lat' dir='ltr'><strong>quadam</strong></span> <span class='ocrx_word' id='word_1_207' title='bbox 1800 3447 2096 3509; x_wconf 89' lang='lat' dir='ltr'><strong>caupona</strong></span> <span class='ocrx_word' id='word_1_208' title='bbox 2136 3430 2508 3490; x_wconf 88' lang='lat' dir='ltr'><strong>moraretur</strong></span> <span class='ocrx_word' id='word_1_209' title='bbox 2550 3427 2617 3490; x_wconf 90' lang='lat' dir='ltr'><strong>in</strong></span> <span class='ocrx_word' id='word_1_210' title='bbox 2662 3427 2873 3491; x_wconf 90' lang='lat' dir='ltr'><strong>mino-</strong></span> 
     </span>
     <span class='ocr_line' id='line_1_28' title="bbox 793 3536 2872 3623; baseline 0.002 -24"><span class='ocrx_word' id='word_1_211' title='bbox 793 3536 974 3600; x_wconf 91' lang='lat' dir='ltr'><strong>ribus</strong></span> <span class='ocrx_word' id='word_1_212' title='bbox 1050 3536 1264 3600; x_wconf 89' lang='lat' dir='ltr'><strong>adhuc</strong></span> <span class='ocrx_word' id='word_1_213' title='bbox 1321 3536 1480 3601; x_wconf 89' lang='lat' dir='ltr'><strong>locis</strong></span> <span class='ocrx_word' id='word_1_214' title='bbox 1553 3539 1841 3602; x_wconf 90' lang='lat' dir='ltr'><strong>militans</strong></span> <span class='ocrx_word' id='word_1_215' title='bbox 1917 3543 1982 3602; x_wconf 90' lang='lat' dir='ltr'><strong>et</strong></span> <span class='ocrx_word' id='word_1_216' title='bbox 2048 3559 2194 3602; x_wconf 91' lang='lat' dir='ltr'><strong>cum</strong></span> <span class='ocrx_word' id='word_1_217' title='bbox 2261 3538 2522 3623; x_wconf 87' lang='lat' dir='ltr'><strong>Dryade</strong></span> <span class='ocrx_word' id='word_1_218' title='bbox 2582 3540 2872 3622; x_wconf 88' lang='lat' dir='ltr'><strong>quadam</strong></span> 
     </span>
     <span class='ocr_line' id='line_1_29' title="bbox 793 3648 2875 3735; baseline 0.002 -23"><span class='ocrx_word' id='word_1_219' title='bbox 793 3648 1063 3713; x_wconf 88' lang='lat' dir='ltr'><strong>muliere</strong></span> <span class='ocrx_word' id='word_1_220' title='bbox 1104 3649 1426 3714; x_wconf 88' lang='lat' dir='ltr'><strong>rationem</strong></span> <span class='ocrx_word' id='word_1_221' title='bbox 1472 3651 1804 3715; x_wconf 85' lang='lat' dir='ltr'><strong>convictus</strong></span> <span class='ocrx_word' id='word_1_222' title='bbox 1853 3651 1953 3715; x_wconf 90' lang='lat' dir='ltr'><strong>sui</strong></span> <span class='ocrx_word' id='word_1_223' title='bbox 1999 3650 2309 3715; x_wconf 90' lang='lat' dir='ltr'><strong>cotidiani</strong></span> <span class='ocrx_word' id='word_1_224' title='bbox 2358 3651 2623 3731; x_wconf 87' lang='lat' dir='ltr'><strong>faceret,</strong></span> <span class='ocrx_word' id='word_1_225' title='bbox 2671 3657 2875 3735; x_wconf 88' lang='lat' dir='ltr'><strong>atque</strong></span> 
     </span>
     <span class='ocr_line' id='line_1_30' title="bbox 792 3761 2874 3843; baseline 0.002 -19"><span class='ocrx_word' id='word_1_226' title='bbox 792 3761 908 3825; x_wconf 90' lang='lat' dir='ltr'><strong>illa</strong></span> <span class='ocrx_word' id='word_1_227' title='bbox 981 3761 1259 3826; x_wconf 84' lang='lat' dir='ltr'><strong>diceret:</strong></span> <span class='ocrx_word' id='word_1_228' title='bbox 1351 3762 1807 3841; x_wconf 87' lang='lat' dir='ltr'><strong>‘Diocletiane,</strong></span> <span class='ocrx_word' id='word_1_229' title='bbox 1884 3763 2153 3827; x_wconf 88' lang='lat' dir='ltr'><strong>nimium</strong></span> <span class='ocrx_word' id='word_1_230' title='bbox 2235 3784 2508 3843; x_wconf 82' lang='lat' dir='ltr'><strong>avaruS,</strong></span> <span class='ocrx_word' id='word_1_231' title='bbox 2598 3764 2874 3829; x_wconf 85' lang='lat' dir='ltr'><strong>nimium</strong></span> 
     </span>
     <span class='ocr_line' id='line_1_31' title="bbox 793 3874 2874 3959; baseline 0.002 -22"><span class='ocrx_word' id='word_1_232' title='bbox 793 3894 1032 3957; x_wconf 90' lang='lat' dir='ltr'><strong>parcus</strong></span> <span class='ocrx_word' id='word_1_233' title='bbox 1108 3874 1214 3953; x_wconf 92' lang='lat' dir='ltr'><strong>es’,</strong></span> <span class='ocrx_word' id='word_1_234' title='bbox 1279 3874 1422 3939; x_wconf 89' lang='lat' dir='ltr'><strong>ioco</strong></span> <span class='ocrx_word' id='word_1_235' title='bbox 1494 3896 1622 3939; x_wconf 91' lang='lat' dir='ltr'><strong>non</strong></span> <span class='ocrx_word' id='word_1_236' title='bbox 1699 3875 1867 3939; x_wconf 91' lang='lat' dir='ltr'><strong>serio</strong></span> <span class='ocrx_word' id='word_1_237' title='bbox 1927 3875 2377 3939; x_wconf 87' lang='lat' dir='ltr'><strong>Diocletianus</strong></span> <span class='ocrx_word' id='word_1_238' title='bbox 2455 3876 2874 3959; x_wconf 89' lang='lat' dir='ltr'><strong>respondisse</strong></span> 
     </span>
     <span class='ocr_line' id='line_1_32' title="bbox 795 3973 2876 4073; baseline 0.001 -24"><span class='ocrx_word' id='word_1_239' title='bbox 795 3984 1036 4050; x_wconf 85' lang='lat' dir='ltr'><strong>fertur:</strong></span> <span class='ocrx_word' id='word_1_240' title='bbox 1104 3986 1303 4050; x_wconf 84' lang='lat' dir='ltr'><strong>‘Tunc</strong></span> <span class='ocrx_word' id='word_1_241' title='bbox 1349 4008 1459 4051; x_wconf 85' lang='lat' dir='ltr'><strong>ero</strong></span> <span class='ocrx_word' id='word_1_242' title='bbox 1503 3973 1957 4070; x_wconf 76' lang='lat' dir='ltr'><strong>larguS,&#39;cum</strong></span> <span class='ocrx_word' id='word_1_243' title='bbox 2008 3988 2194 4052; x_wconf 87' lang='lat' dir='ltr'><strong>fuero</strong></span> <span class='ocrx_word' id='word_1_244' title='bbox 2235 3988 2632 4071; x_wconf 85' lang='lat' dir='ltr'><strong>imperator’.</strong></span> <span class='ocrx_word' id='word_1_245' title='bbox 2721 3994 2876 4073; x_wconf 90' lang='lat' dir='ltr'><strong>post</strong></span> 
     </span>
     <span class='ocr_line' id='line_1_33' title="bbox 796 4098 2875 4184; baseline 0.002 -23"><span class='ocrx_word' id='word_1_246' title='bbox 796 4098 972 4181; x_wconf 92' lang='lat' dir='ltr'><strong>quod</strong></span> <span class='ocrx_word' id='word_1_247' title='bbox 1013 4098 1282 4163; x_wconf 86' lang='lat' dir='ltr'><strong>verbum</strong></span> <span class='ocrx_word' id='word_1_248' title='bbox 1330 4100 1540 4184; x_wconf 86' lang='lat' dir='ltr'><strong>Dryas</strong></span> <span class='ocrx_word' id='word_1_249' title='bbox 1586 4100 1828 4164; x_wconf 86' lang='lat' dir='ltr'><strong>dixisse</strong></span> <span class='ocrx_word' id='word_1_250' title='bbox 1874 4099 2120 4164; x_wconf 87' lang='lat' dir='ltr'><strong>fertur:</strong></span> <span class='ocrx_word' id='word_1_251' title='bbox 2178 4100 2621 4181; x_wconf 85' lang='lat' dir='ltr'><strong>‘Diocletiane,</strong></span> <span class='ocrx_word' id='word_1_252' title='bbox 2665 4101 2875 4165; x_wconf 85' lang='lat' dir='ltr'><strong>iocari</strong></span> 
     </span>
     <span class='ocr_line' id='line_1_34' title="bbox 796 4211 2601 4296; baseline 0.002 -22"><span class='ocrx_word' id='word_1_253' title='bbox 796 4211 945 4291; x_wconf 85' lang='lat' dir='ltr'><strong>noli,</strong></span> <span class='ocrx_word' id='word_1_254' title='bbox 989 4232 1142 4276; x_wconf 90' lang='lat' dir='ltr'><strong>nam</strong></span> <span class='ocrx_word' id='word_1_255' title='bbox 1188 4214 1315 4277; x_wconf 91' lang='lat' dir='ltr'><strong>eris</strong></span> <span class='ocrx_word' id='word_1_256' title='bbox 1359 4214 1718 4296; x_wconf 86' lang='lat' dir='ltr'><strong>imperator</strong></span> <span class='ocrx_word' id='word_1_257' title='bbox 1764 4232 1907 4275; x_wconf 89' lang='lat' dir='ltr'><strong>cum</strong></span> <span class='ocrx_word' id='word_1_258' title='bbox 1953 4214 2201 4296; x_wconf 89' lang='lat' dir='ltr'><strong>Aprum</strong></span> <span class='ocrx_word' id='word_1_259' title='bbox 2248 4213 2601 4277; x_wconf 84' lang='lat' dir='ltr'><strong>occideris“</strong></span> 
     </span>
     <span class='ocr_line' id='line_1_35' title="bbox 484 4323 2875 4410; baseline -0 -20"><span class='ocrx_word' id='word_1_260' title='bbox 484 4327 761 4410; x_wconf 88' lang='lat' dir='ltr'><strong>(Aprum</strong></span> <span class='ocrx_word' id='word_1_261' title='bbox 806 4323 1209 4408; x_wconf 88' lang='lat' dir='ltr'><strong>praefectum</strong></span> <span class='ocrx_word' id='word_1_262' title='bbox 1253 4324 1584 4408; x_wconf 85' lang='lat' dir='ltr'><strong>praetorio</strong></span> <span class='ocrx_word' id='word_1_263' title='bbox 1628 4345 1667 4388; x_wconf 91' lang='lat' dir='ltr'><strong>a</strong></span> <span class='ocrx_word' id='word_1_264' title='bbox 1713 4323 2138 4403; x_wconf 83' lang='lat' dir='ltr'><strong>DiocletianO,</strong></span> <span class='ocrx_word' id='word_1_265' title='bbox 2186 4346 2330 4390; x_wconf 91' lang='lat' dir='ltr'><strong>cum</strong></span> <span class='ocrx_word' id='word_1_266' title='bbox 2376 4327 2711 4409; x_wconf 83' lang='lat' dir='ltr'><strong>Augustus</strong></span> <span class='ocrx_word' id='word_1_267' title='bbox 2758 4347 2875 4409; x_wconf 90' lang='lat' dir='ltr'><strong>ap-</strong></span> 
     </span>
     <span class='ocr_line' id='line_1_36' title="bbox 485 4437 2541 4523; baseline 0 -21"><span class='ocrx_word' id='word_1_268' title='bbox 485 4437 767 4522; x_wconf 88' lang='lat' dir='ltr'><strong>pellatus</strong></span> <span class='ocrx_word' id='word_1_269' title='bbox 811 4442 999 4517; x_wconf 87' lang='lat' dir='ltr'><strong>esset,</strong></span> <span class='ocrx_word' id='word_1_270' title='bbox 1049 4437 1264 4521; x_wconf 86' lang='lat' dir='ltr'><strong>gladio</strong></span> <span class='ocrx_word' id='word_1_271' title='bbox 1309 4458 1689 4521; x_wconf 88' lang='lat' dir='ltr'><strong>percussum</strong></span> <span class='ocrx_word' id='word_1_272' title='bbox 1735 4458 1875 4501; x_wconf 89' lang='lat' dir='ltr'><strong>esse</strong></span> <span class='ocrx_word' id='word_1_273' title='bbox 1922 4438 2081 4502; x_wconf 89' lang='lat' dir='ltr'><strong>satis</strong></span> <span class='ocrx_word' id='word_1_274' title='bbox 2125 4443 2350 4502; x_wconf 87' lang='lat' dir='ltr'><strong>notum</strong></span> <span class='ocrx_word' id='word_1_275' title='bbox 2397 4442 2541 4523; x_wconf 90' lang='lat' dir='ltr'><strong>est).</strong></span> 
     </span>
    </p>
   </div>
  </div>
 </body>
</html>
