3167 5067
1431 327 1870 387 -„24--

769 500 880 559 tae
925 494 1292 574 resedisset,
1341 496 1759 577 consurgenti
1806 495 1866 559 ei
1917 496 2197 579 primum
2241 495 2481 559 lacinia
2527 496 2846 576 obhaesit,

770 606 1005 672 deinde
1036 611 1224 671 tanta
1257 606 1493 672 oborta
1530 607 1740 690 caligo
1788 612 1905 687 est,
1953 612 2027 671 ut
2071 606 2390 690 dispicere
2426 629 2554 672 non
2586 615 2846 691 posset“

458 720 752 805 (Tacitus
802 717 1031 784 scribit
1083 718 1163 783 de
1211 718 1339 783 hac
1382 739 1473 798 re,
1522 740 1668 783 ann.
1712 719 1847 784 XV.
1878 725 1995 784 36:
2044 741 2279 803 „super
2311 742 2389 785 ea
2440 721 2849 804 profectione

771 830 937 895 adiit
969 830 1377 914 Capitolium.
1422 831 1558 895 illic
1594 837 1940 897 veneratus
1990 831 2165 911 deoS,
2218 854 2363 897 cum
2408 834 2645 898 Vestae
2691 855 2848 916 quo-

769 963 897 1025 que
933 941 1247 1025 templum
1286 943 1532 1023 inisset,
1564 948 1834 1027 repente
1877 949 2145 1008 cunctos
2177 965 2297 1028 per
2332 949 2515 1009 artus
2542 951 2847 1025 tremenS,

772 1075 888 1120 seu
957 1054 1219 1119 numine
1291 1060 1696 1135 exterrente,
1777 1077 1895 1121 seu
1951 1055 2315 1120 facinorum
2389 1057 2847 1123 recordatione

769 1188 1129 1250 numquam
1187 1166 1422 1232 timore
1463 1188 1708 1232 vacuus
1727 1218 1742 1247 ,
1806 1167 2096 1232 deseruit
2154 1168 2516 1251 inceptum,
2578 1175 2848 1235 cunctas

771 1277 898 1345 sibi
943 1300 1136 1345 curas
1181 1299 1402 1345 amore
1442 1280 1701 1364 patriae
1737 1280 2015 1344 leviores
2061 1279 2436 1363 dictitans“)

669 1391 828 1457 Cum
873 1392 1194 1457 Isthmum
1220 1390 1563 1475 perfodere
1610 1393 1948 1475 coepisset,
1994 1392 2294 1457 accidere
2340 1393 2542 1475 signa,
2590 1393 2669 1458 de
2708 1395 2852 1476 qui-

461 1504 586 1570 bus
629 1509 861 1569 narrat
903 1504 1060 1568 Dio:

875 1615 1102 1681 LXIII.
1154 1621 1252 1681 16.
1302 1622 1355 1681 1.
1432 1612 1592 1703 αἷμά
1668 1642 1737 1684 τε
1823 1615 1950 1703 γὰρ
2023 1626 2163 1695 τοῖς
2237 1614 2527 1702 πρώτοις
2603 1615 2854 1705 ἁψαμέ-

772 1753 915 1808 νοις
975 1736 1093 1814 τῆς
1159 1736 1282 1815 γῆς
1358 1724 1758 1816 ἀνέβλυσεν,
1837 1730 1948 1795 καὶ
2024 1729 2306 1813 οἰμωγαὶ
2365 1734 2715 1816 μυκηθμοί
2783 1731 2853 1797 τέ

772 1865 947 1919 τινες
991 1838 1414 1926 ἐξηκούοντο,
1454 1841 1566 1907 καὶ
1614 1844 1853 1908 εἴδωλα
1899 1837 2109 1907 πολλὰ
2168 1838 2573 1924 ἐφαντάζετο

462 1954 644 2036 (Zon.
670 1952 780 2017 XI.
812 1957 924 2033 123
971 1951 1148 2034 apud
1193 1951 1593 2032 Suetonium,
1640 1951 1813 2016 Nero
1862 1957 1959 2031 19,
2003 1951 2279 2034 legimus
2326 1951 2650 2017 Neronem
2683 1954 2855 2019 Isth-

466 2086 641 2130 mum
701 2062 1048 2148 perfodere
1109 2084 1489 2147 aggressum
1546 2084 1721 2145 esse3
1783 2064 1982 2147 signis
2039 2063 2220 2129 illum
2282 2085 2423 2129 esse
2467 2064 2855 2131 deterritum

462 2198 592 2243 non
637 2175 1229 2259 commemoratur).

679 2290 738 2354 A
796 2288 1025 2354 Tacito
1082 2309 1355 2371 magnus
1414 2287 1862 2372 prodigiorum
1927 2309 2235 2353 numerus
2299 2294 2516 2354 aetate
2577 2289 2859 2356 Neronis

462 2400 776 2485 principis
819 2399 1147 2465 factorum
1192 2405 1534 2480 narratur,
1599 2421 1873 2483 quorum
1936 2420 2175 2483 magna
2217 2422 2374 2485 pars
2420 2422 2583 2484 quas
2625 2401 2710 2467 ad
2750 2424 2860 2469 res

465 2517 736 2597 spectet,
781 2518 960 2577 certe
1012 2533 1243 2578 eruere
1285 2533 1414 2577 non
1457 2533 1820 2596 possumus.

670 2625 736 2691 C.
784 2626 1100 2709 Vipstano
1176 2625 1241 2691 C.
1304 2624 1576 2690 Fonteio
1638 2624 1953 2707 Capitone
2016 2645 2175 2689 coss,
2240 2627 2325 2709 (a.
2377 2628 2484 2710 59)
2547 2626 2855 2710 prodigia

470 2736 650 2802 facta
693 2737 899 2803 tradit
939 2737 1137 2802 haec:

881 2871 1026 2915 ann.
1072 2849 1241 2914 XIV.
1292 2854 1389 2914 12.
1444 2870 1763 2932 „anguem
1810 2850 2001 2914 enixa
2045 2849 2313 2915 mulier“

882 2961 1055 3043 „alia
1096 2962 1165 3026 in
1210 2958 1562 3026 concubitu
1606 2961 1826 3026 mariti
1870 2961 2139 3026 fulmine
2185 2963 2596 3028 exanimata“

881 3074 1051 3154 „iam
1094 3074 1192 3138 sol
1236 3078 1505 3156 repente
1551 3074 1979 3139 obscuratus“

880 3190 1137 3266 „tactae
1181 3185 1264 3249 de
1309 3185 1489 3250 caelo
1535 3185 2060 3268 quattuordecim
2106 3184 2289 3251 urbis
2332 3187 2669 3271 regiones“

675 3300 858 3377 Quae
900 3302 1207 3381 portenta
1248 3297 1407 3362 mihi
1469 3298 1553 3363 ab
1614 3298 1985 3363 hominibus
2044 3300 2392 3383 praesagia
2454 3301 2683 3364 mortis
2728 3301 2786 3363 N
2791 3323 2861 3365 e-

467 3410 646 3475 ronis
688 3409 916 3475 habita
960 3430 1102 3474 esse
1146 3407 1471 3490 videntur,
1513 3410 1688 3492 quod
1733 3431 1812 3475 ex
1849 3410 2341 3494 insequentibus
2372 3411 2581 3475 Taciti
2617 3410 2860 3493 verbiS,

468 3526 543 3587 ut
589 3521 841 3605 opinor,
887 3520 1130 3586 elucet:

677 3654 886 3717 „quae
947 3633 1111 3699 adeo
1170 3633 1308 3699 sine
1355 3654 1514 3699 cura
1560 3634 1752 3700 deum
1799 3634 2216 3715 eveniebant,
2276 3641 2351 3700 ut
2411 3635 2651 3701 multos
2709 3644 2868 3719 post

469 3766 675 3811 annos
717 3745 891 3811 Nero
937 3746 1283 3830 imperium
1327 3752 1391 3811 et
1445 3747 1695 3812 scelera
1740 3748 2255 3813 continuaverit&

675 3858 745 3923 P.
771 3858 983 3923 Mario
1013 3858 1199 3924 Celso
1230 3860 1299 3924 L.
1332 3860 1556 3924 Asinio
1591 3859 1780 3926 Gallo
1818 3882 1976 3926 cose.
2028 3862 2113 3945 (a.
2138 3862 2246 3944 62)
2281 3865 2633 3925 evenerunt
2662 3859 2865 3927 haec:

884 3990 1031 4035 ann.
1077 3971 1214 4037 XV.
1252 3975 1351 4036 22.
1408 3974 1851 4056 „gymnasium
1899 3973 2035 4037 ictu
2080 3971 2367 4036 fulminis
2413 3972 2867 4055 conflagravit,

781 4081 1156 4166 effigiesque
1199 4084 1266 4147 in
1312 4104 1387 4148 eo
1434 4084 1711 4149 Neronis
1757 4085 1844 4149 ad
1883 4084 2158 4149 informe
2204 4104 2315 4148 aes
2362 4082 2766 4166 liquefacta“

885 4200 991 4276 „et
1033 4200 1215 4259 motu
1258 4201 1477 4261 terrae
1522 4196 1780 4262 celebre
1825 4197 2220 4280 Campaniae
2254 4196 2565 4280 oppidum
2592 4196 2867 4281 Pompei

781 4328 1018 4390 magna
1066 4329 1146 4372 ex
1189 4313 1379 4391 parte
1424 4310 1719 4392 proruit“

470 4421 678 4505 (clare
738 4420 1041 4506 cognosci
1099 4440 1228 4485 non
1288 4426 1540 4505 potest,
1598 4426 1818 4486 utrum
1876 4420 1992 4485 illa
2050 4421 2393 4487 calamitas
2436 4443 2476 4486 a
2520 4422 2747 4486 Tacito
2794 4423 2869 4489 in
