3167 5067
1270 349 1691 409 ..23-

701 513 878 577 Suet.
927 512 1100 580 Nero
1148 523 1203 581 6.
1284 523 1517 595 „natus
1564 524 1665 582 est
1715 568 1728 581 .
1756 568 1808 580 ..
1860 519 2192 583 exoriente
2238 521 2402 599 sole,
2462 543 2671 603 paene

596 631 672 690 ut
729 626 932 690 radiis
975 627 1160 710 prius
1215 650 1409 710 quam
1469 633 1650 693 terra
1696 631 2220 712 contingeretur“
2290 632 2442 715 (Dio
2499 632 2669 715 Epit.

598 738 762 802 LXI.
810 743 866 802 2.
920 744 988 803 1:
1051 735 1314 820 ἀκτῖνες
1367 739 1494 826 γὰρ
1545 739 1940 827 τικτόμενον
1984 738 2196 810 αὐτὸν
2237 740 2372 811 ὑπὸ
2413 741 2539 829 τὴν
2583 744 2668 811 ἕω

597 850 663 931 ἐξ
707 846 1019 936 οὐδεμιᾶς
1073 861 1197 920 τοῦ
1258 848 1452 939 ἡλίου
1511 862 1808 938 φανερᾶς
1865 859 2240 941 προς-βολῆς
2295 855 2671 941 περιέσχον)

699 963 822 1026 1)ἱο
883 961 1000 1046 Ep.
1049 962 1212 1028 LXI.
1261 968 1318 1028 2.
1371 970 1422 1028 1.
1501 964 1908 1051 οἷστρόλογος
1970 966 2042 1033 ἔκ
2101 991 2170 1033 τε
2234 966 2500 1034 τούτων
2558 969 2670 1034 καὶ

597 1075 668 1142 ἐκ
715 1083 832 1160 τῆς
889 1084 1028 1142 τῶν
1086 1071 1387 1161 ἀστέρων
1441 1085 1659 1161 φορᾶς
1705 1129 1908 1145 ......
1958 1076 2406 1163 ἐμαντεύσατο
2453 1074 2556 1146 ὅτι
2599 1104 2668 1145 τε

594 1185 968 1273 βασιλεύσει
1009 1188 1119 1254 καὶ
1167 1184 1270 1255 ὅτι
1306 1186 1432 1273 τὴν
1478 1188 1730 1274 μητέρα
1775 1188 2094 1274 φονεύσει
2154 1189 2334 1274 (Tac.
2380 1190 2549 1255 XIV.
2602 1193 2668 1274 9)

491 1298 683 1382 Apud
728 1297 1044 1378 Tacitum,
1093 1320 1238 1363 ann.
1274 1298 1384 1363 XI.
1423 1306 1520 1379 11,
1568 1306 2144 1365 commemoratum
2192 1306 2293 1366 est
2327 1301 2499 1367 ludis
2544 1302 2668 1365 cir-

273 1412 587 1477 censibus
631 1409 922 1475 favorem
964 1409 1176 1494 plebis
1222 1412 1544 1476 acriorem
1605 1412 1674 1475 in
1727 1411 2082 1477 Domitium
2142 1414 2366 1495 (quam
2410 1413 2480 1476 in
2524 1412 2666 1478 Bri-

270 1523 642 1607 tannicum)
686 1522 831 1587 loco
874 1523 1204 1606 praesagii
1248 1528 1591 1606 acceptum
1637 1545 1797 1588 esse.
2244 1612 2250 1617 .

489 1635 841 1701 Suetonius
884 1634 1172 1700 affirmat
1229 1634 1524 1700 fabulam
1584 1656 1758 1715 esse,
1820 1657 1949 1700 non
2001 1657 2140 1700 rem
2186 1657 2339 1703 vere
2398 1636 2662 1717 factam,

274 1748 344 1813 id
393 1747 570 1831 quod
612 1749 681 1813 in
721 1747 951 1830 vulgus
998 1752 1368 1811 emanasset
1411 1749 1643 1813 missos
1686 1769 1726 1813 a
1770 1747 2138 1828 Messalina,
2186 1749 2300 1831 qui
2338 1747 2662 1814 Neronem

273 1860 732 1925 meridiantem
793 1859 1312 1942 strangularent‚
1387 1858 1672 1925 dracone
1745 1881 1781 1925 e
1841 1860 2104 1943 pulvino
2154 1882 2224 1925 se
2284 1860 2663 1944 proferente

276 1973 671 2038 conterritos
733 1970 1054 2054 refugisse
1115 1971 1318 2056 (Nero
1382 1973 1485 2056 6);
1548 1977 1748 2054 atque
1809 1972 1876 2035 in
1944 1972 2214 2037 eandem
2277 1974 2666 2037 sententiam

279 2084 565 2150 discedit
625 2084 919 2162 Tacitus,
983 2104 1127 2147 cum
1176 2083 1355 2148 dicat
1412 2104 1558 2147 ann.
1602 2083 1712 2147 XI.
1758 2088 1867 2147 11:
1929 2084 2489 2166 „vulgabaturque
2553 2086 2667 2149 ad-

279 2197 487 2262 fuisse
530 2195 846 2260 infantiae
890 2195 1029 2259 eius
1064 2194 1382 2260 dracones
1424 2195 1489 2258 in
1534 2195 1797 2259 modum
1845 2196 2204 2276 custodum,
2252 2195 2554 2260 fabulosa
2602 2203 2666 2261 et

276 2309 567 2374 externis
610 2306 944 2372 miraculis
987 2306 1391 2372 adsimilata:
1455 2328 1608 2378 nam
1645 2308 1813 2390 ipse,
1854 2307 2366 2390 haudquaquam
2412 2309 2511 2372 sui
2557 2307 2667 2373 de-

275 2424 639 2498 tractator,
714 2439 912 2484 unam
975 2420 1234 2483 omnino
1298 2440 1575 2503 anguem
1645 2420 1713 2483 in
1782 2419 2082 2484 cubiculo
2133 2420 2339 2484 visam
2395 2442 2666 2485 narrare

275 2533 514 2598 solitus
561 2536 699 2597 esti‘

488 2643 759 2723 Qualem
803 2664 874 2708 se
917 2648 1150 2726 postea
1194 2642 1618 2726 praebiturus
1665 2647 1869 2722 esset,
1936 2664 2013 2707 ex
2068 2643 2393 2708 nonnullis
2439 2644 2665 2709 omini-

275 2759 401 2824 bus
451 2756 754 2839 cognosci
798 2776 1007 2838 posse·
1036 2755 1415 2820 videbatur:
2487 2832 2489 2834 ‚

694 2868 870 2933 Suet.
916 2867 1090 2932 Nero
1137 2873 1193 2932 6.
1268 2866 1653 2949 „praesagio
1713 2866 1839 2931 fuit
1896 2867 2092 2931 etiam
2140 2868 2406 2932 Domitii
2448 2869 2662 2951 patris

591 3001 747 3059 vox,
811 2980 984 3043 inter
1045 2979 1519 3061 gratulationes
1565 2980 1922 3043 amicorum
1968 2980 2267 3062 negantis
2314 2979 2664 3062 quicquam

592 3114 672 3157 ex
729 3113 799 3157 se
864 3097 931 3156 et
992 3091 1355 3173 Agrippina
1414 3091 1541 3154 nisi
1600 3090 1991 3155 detestabile
2051 3096 2117 3155 et
2169 3090 2340 3155 malo
2400 3091 2664 3174 publico

593 3204 773 3269 nasci
816 3204 1148 3287 potuisse“
1195 3203 1347 3286 (Dio
1392 3202 1508 3286 Ep.
1555 3202 1720 3280 LXI.
1769 3207 1825 3267 2.
1877 3207 1943 3285 3)

487 3316 906 3399 Astrologum
961 3315 1369 3398 praedixisse
1443 3314 1628 3379 illum
1691 3319 1968 3378 matrem
2043 3336 2227 3379 suam
2299 3314 2663 3379 occisurum

275 3452 421 3496 esse
465 3430 617 3514 (Dio
649 3429 766 3512 Ep.
792 3428 955 3491 LXI.
981 3432 1038 3491 2.
1069 3433 1098 3491 1
1125 3451 1140 3507 ;
1187 3427 1336 3492 Tac.
1362 3448 1507 3492 ann.
1534 3427 1703 3492 XIV.
1732 3428 1800 3509 9)
1834 3427 1967 3491 iam
2001 3428 2662 3492 commemoravimus

487 3541 647 3606 Cum
693 3561 733 3604 a
777 3539 1047 3604 Claudio
1093 3539 1553 3622 adoptaretur,
1605 3539 1855 3604 caelum
1904 3561 1979 3603 eo
2027 3539 2131 3604 die
2177 3539 2410 3604 ardere
2455 3540 2662 3604 visum

276 3660 381 3720 est-
425 3654 576 3737 (Dio
625 3652 756 3716 LX.
805 3657 904 3731 33,
954 3657 1024 3732 23
1073 3650 1224 3715 Zon.
1267 3651 1377 3715 XI.
1431 3654 1553 3735 10).

487 3766 629 3845 Quo
677 3764 780 3828 die
815 3770 1037 3847 togam
1066 3763 1318 3827 virilem
1365 3764 1659 3847 sumpsit,
1705 3769 1886 3828 terra
1932 3785 1972 3828 a
2018 3762 2142 3827 diis
2176 3764 2310 3828 late
2338 3784 2656 3829 concussa

276 3885 377 3946 est
422 3883 623 3960 atque
666 3880 868 3940 noctu
912 3875 1210 3940 omnibus
1255 3882 1468 3940 terror
1512 3876 1811 3940 incussus
1858 3881 1958 3940 est
2003 3874 2182 3960 (Zon.
2229 3875 2338 3939 XI.
2391 3878 2517 3960 10).

485 3990 839 4055 Praeterea
901 3988 1030 4053 duo
1093 3987 1395 4071 prodigia
1436 3987 1790 4052 memoriae
1846 3987 2093 4053 tradita
2139 3994 2323 4068 sunt,
2386 4009 2661 4071 quorum

275 4110 556 4185 utroque
602 4101 775 4166 Nero
822 4100 906 4165 ab
953 4121 1148 4183 opere
1191 4098 1591 4165 instituendo
1635 4099 1988 4165 deterritus
2021 4100 2123 4166 sit.

484 4213 790 4297 Legimus
832 4213 902 4276 in
948 4212 1241 4277 Suetonii
1286 4211 1440 4276 Ner.
1486 4233 1537 4276 c.
1591 4217 1701 4277 19:

690 4323 1309 4407 ,‚(peregrinatione)
1372 4322 1816 4388 Alexandrina
1878 4322 2023 4407 ipso
2066 4322 2490 4407 profectionis
2558 4323 2662 4388 die

588 4436 842 4501 destitit
886 4487 900 4500 .
929 4486 942 4500 .
970 4486 983 4500 .
1013 4486 1026 4501 .
1072 4456 1223 4500 nam
1287 4458 1432 4501 cum
1492 4436 1848 4501 circumitis
1906 4434 2165 4519 templis
2217 4436 2284 4499 in
2330 4435 2491 4500 aede
2538 4436 2661 4500 Ve-
