3167 5067
1464 372 1890 429 :.ss-

691 537 848 603 Cu‘m
894 538 1065 602 inter
1127 523 1419 602 Clodium
1456 538 1769 601 Albinum
1832 542 1897 600 et
1941 538 2321 620 Septimium
2369 538 2674 600 Severum
2724 535 2876 601 bel-

484 653 618 716 lum
664 651 1046 728 exarsisset,
1108 625 1546 733 compluribus
1607 650 1924 731 portentis
1981 650 2234 712 animus
2280 645 2504 712 Dionis
2549 648 2878 712 sollicitu—

486 763 634 827 dine
665 751 1094 826 afficiebatur.
1183 758 1352 824 Nam
1397 739 1542 824 cum
1565 759 1752 843 plebs
1787 761 1855 823 in
1893 760 2065 824 circo
2108 760 2280 824 ludis
2318 759 2594 839 adesset,
2642 759 2876 824 subito

487 870 685 966 atque
747 855 880 938 un³a
940 872 1128 955 quasi
1194 893 1349 937 voce
1418 872 1848 936 conclamavit
1921 877 1989 935 et
2043 893 2272 954 pacem
2329 871 2654 954 flagitavit
2715 872 2875 957 (Ep.

488 981 724 1049 LXXV
755 965 812 1049 4.
847 980 1061 1069 2-6).
1152 982 1275 1048 Dio
1303 984 1557 1048 adiicit:
1603 980 1780 1051 οὕτω
1805 984 1928 1070 μὲν
1974 984 2045 1050 ἔκ
2086 1009 2266 1062 τινος
2296 987 2487 1061 θείας
2519 982 2879 1062 ἐπιπνοίας

489 1093 977 1164 ένεθουσίασαν
1033 1089 1145 1179 (ib,
1193 1102 1248 1160 4.
1299 1097 1363 1179 5)
1412 1101 1476 1160 et
1533 1094 1745 1161 ταῦτα
1803 1121 1871 1162 τε
1934 1084 2061 1162 οὗν
2106 1095 2200 1161 ἔτι
2243 1095 2354 1161 καὶ
2398 1101 2653 1180 μᾶλλον
2696 1091 2880 1180 ἡμᾶς

488 1202 799 1292 ἐτάραττε
849 1206 961 1292 (ib.
998 1208 1056 1271 4.
1100 1209 1189 1290 6).
1261 1208 1443 1272 *Dein
1487 1206 1693 1270 refert
1735 1206 1950 1271 subito
1996 1206 2210 1289 ignem
2253 1227 2392 1271 esse
2440 1211 2871 1288 conspectum

489 1319 993 1403 septentrionem
1023 1340 1246 1384 versus
1291 1324 1427 1382 tam
1467 1319 1813 1400 ingentem,
1852 1323 1926 1381 ut
1970 1317 2114 1382 aliis
2156 1323 2295 1381 tota
2333 1316 2493 1381 urbs
2539 1316 2684 1380 aliis
2720 1319 2876 1380 cOe-

487 1431 623 1495 lum
662 1431 874 1495 totum
904 1430 1135 1494 ardere
1163 1427 1492 1495 videretur
1537 1427 1651 1514 (ib.
1675 1434 1731 1492 4.
1773 1430 1856 1512 6).
1947 1429 2238 1511 Denique
2283 1434 2511 1491 narrat
2556 1427 2636 1491 de
2685 1428 2875 1491 coelo

486 1543 554 1606 in
606 1539 818 1606 'forum
880 1535 1156 1624 Augusti
1218 1541 1527 1606 cecidisse
1580 1540 2034 1623 corpusculum
2093 1545 2501 1622 argenteum,
2561 1559 2689 1621 quo
2749 1537 2875 1601 ali-

491 1637 653 1737 quos
714 1674 1010 1717 nummos
1089 1655 1432 1735 argenteos
1502 1652 1733 1716 fecerit
1817 1651 1928 1734 (ib.
1987 1658 2043 1715 4.
2107 1658 2141 1714 7
2213 1648 2252 1718 ὅ
2309 1652 2380 1718 δὲ
2440 1648 2526 1736 δὴ
2586 1648 2877 1736 μάλιστα

490 1759 844 1852 θανμάσας
889 1761 1060 1849 ἔχ’ω).

697 1873 972 1959 Saepius
1023 1874 1343 1950 vocabula
1407 1874 1691 1961 ἐναργής
1748 1874 2225 1960 ἐναργέστατος
2283 1874 2697 1955 σαφέστατος
2756 1873 2876 1936 ad-

488 1983 690 2078 hib'et,
733 1992 809 2052 ut
852 1987 1268 2066 demonstret,
1312 1983 1506 2069 quam
1541 1986 1874 2051 evidenter
1923 2007 2028 2049 res
2055 1985 2376 2068 quaedam
2393 1981 2877 2068 praenuntiata

493 2079 594 2179 sit,
640 2103 715 2163 ut
758 2073 997 2163 XLVII
1044 2105 1098 2162 1.
1153 2095 1219 2162 l:
1280 2102 1515 2183 καίπερ
1563 2098 2008 2183 ἐναργέστατα
2051 2099 2174 2183 μὲν
2214 2099 2325 2163 καὶ
2368 2095 2718 2181 πρότερον,
2760 2112 2874 2162 σα-

493 2207 787 2293 φέστατα
831 2211 903 2278 δὲ
960 2212 1072 2277 καὶ
1117 2209 1266 2277 τότε
1311 2207 1387 2276 τὸ
1422 2210 1673 2296 μέλλον
1721 2209 1990 2275 ἔσεσθαι
2049 2207 2545 2295 προμαθόντες·
2604 2206 2705 2271 vel
2752 2206 2872 2289 Ep.

493 2320 697 2384 LXIV
746 2313 799 2385 '12
851 2326 877 2384 1
949 2319 1224 2405 προεῖπε
1284 2320 1354 2386 δὲ
1410 2321 1521 2386 καὶ
1585 2328 1821 2404 σημεῖα
1878 2318 2321 2404 ἐναργέστατα
2383 2318 2483 2383 vel
2544 2311 2876 2382 LXXVIII

495 2429 595 2497 3'0.
641 2437 671 2496 1
720 2428 833 2500 {cal
873 2433 988 2518 μοι
1034 2431 1223 2498 δοκεῖ
1261 2430 1705 2515 ἐναργέστατα
1747 2430 1859 2497 καὶ
1902 2435 2141 2509 τοῦτο,
2201 2434 2381 2515 εἴπερ
2429 2456 2492 2496 τι
2534 2426 2695 2496 ἄλλο
2735 2438 2875 2496 τῶν

494 2541 783 2624 πώποτε,
824 2542 1324 2627 προδειχθῆναι.

696 2643 859 2719 Cum
923 2659 1075 2752 ante
1121 2653 1454 2717 Commodi
1508 2658 1784 2717 mortem
1842 2652 2155 2736 templum
2216 2653 2617 2718 Concordiae
2675 2658 2875 2734 atque

493 2763 811 2850 palatium
853 2777 1089 2847 magno
1137 2763 1441 2847 correpta
1485 2770 1702 2829 essent
1743 2764 2060 2844 incendiO,
2108 2764 2283 2846 quod
2325 2765 2504 2829 nulla
2541 2764 2874 2828 hominum

495 2873 697 2961 opera
742 2878 820 2942 ac
860 2865 1089 2941 labore
1126 2875 1347 2960 potuit
1382 2875 1746 2959 exstingui,
1793 2876 1985 2940 Dioni
2032 2875 2393 2940 luculenter
2437 2874 2872 2958 significatum

494 2985 841 3054 videbatur
877 2985 1158 3068 malum,
1207 2988 1380 3070 quod
1428 2989 1829 3066 immineret,
1892 2991 2022 3052 n'on
2078 2987 2146 3050 in
2200 2986 2365 3052 urhe
2425 2986 2874 3063 constiturum,

495 3100 612 3166 sed
669 3121 786 3184 per
855 3105 1065 3166 totum
1135 3099 1359 3165 orbem
1431 3120 1834 3164 incessurum
1899 3120 2038 3164 esse
2092 3099 2298 3232 Ρ(ΕΡίῖ.
2358 3098 2599 3163 LXXII
2655 3102 2755 3161 24.
2802 3102 2876 3161 2.

496 3209 608 3299 ἀφ’
661 3240 746 3282 ου
791 3211 878 3298 δη
918 3213 1030 3279 καὶ
1075 3209 1155 3279 τὰ
1197 3211 1479 3298 μάλιστα
1525 3213 1734 3296 ’δῆλον
1779 3212 2039 3297 ἐγένετο
2085 3208 2189 3277 ὅτι
2230 3263 2289 3277 ..
2316 3264 2329 3277 .
2380 3212 2519 3293 sq..)

703 3323 862 3388 Cum
904 3311 1194 3388 Iulianus
1241 3318 1593 3405 antequam
1635 3323 2008 3406 principatu
2067 3327 2265 3403 atque
2308 3322 2442 3384 vita
2483 3319 2875 3403 privaretur,

496 3433 735 3500 multos
773 3435 1020 3499 liberos
1065 3430 1478 3514 trucidasset,
1522 3434 1721 3498 rebus
1766 3433 2035 3516 magicis
2081 3432 2434 3509 excitatuS,
2478 3429 2710 3494 irridet
2749 3431 2875 3494 Dio

496 3541 840 3626 hominem,
886 3546 999 3629 qui
1045 3568 1115 3611 se
1159 3541 1384 3610 futura
1426 3547 1633 3610 vitare
1678 3543 1869 3628 posse
1917 3543 2246 3627 op'inetur,
2294 3541 2641 3605 dummodo
2685 3547 2878 3624 prae·

499 3653 756 3742 cognita
797 3655 1046 3722 habeat
1090 3657 1233 3742 (Ep.
1276 3655 1549 3754 LXXIII
1602 3660 1697 3721 16.
1749 3664 1817 3721 5:
1884 3654 1967 3735 ὡς
2010 3656 2121 3722 καὶ
2170 3650 2585 3737 ἀποστρέψαι
2630 3674 2692 3720 τι
2737 3660 2879 3719 τῶν

496 3771 897 3876 μελλόντων,
947 3772 1003 3837 εἰ
1034 3768 1389 3857 προμᾶθοι
1433 3759 1625 3848 αὐτα,
1670 3766 2171 3855 δυνησόμενος).

703 3883 979 3946 Dionem
1023 3883 1153 3945 non
1193 3880 1383 3945 modo
1428 3901 1532 3945 res
1575 3901 1881 3963 magnas,
1945 3880 2136 3943 sicuti
2182 3882 2394 3942 ortum
2441 3876 2540 3940 vel
2603 3878 2879 3937 mortem

496 3987 985 4077 imperatorum,
1029 4014 1251 4057 verum
1282 3987 1491 4057 etiam
1537 4013 1642 4056 res
1676 3990 1980 4074 parvulas
2029 3987 2346 4053 ominibus
2392 3984 2694 4068 portendi
2741 4006 2878 4049 cre-

500 4101 742 4170 didisse
785 4104 996 4169 eluce't
1030 4107 1118 4169 ‘ex
1160 4099 1279 4188 Ep‘
1320 4100 1534 4167 LXXI
1581 4107 1637 4167 5.
1684 4106 1740 4164 2.
1788 4107 1853 4177 3,
1912 4099 2025 4164 ubi
2069 4103 2298 4162 narrat
2340 4097 2638 4176 militem,
2686 4118 2878 4179 quem

500 4211 764 4300 quidam
806 4213 1085 4282 irridens
1117 4216 1409 4310 ’,ἔπαρχος
1459 4209 1921 4293 nominaverit,
1979 4231 2050 4274 re
2109 4231 2263 4280 vera
2316 4209 2489 4280 hunc
2534 4208 2877 4298 magistra·
2913 4202 2918 4206 ’

497 4333 636 4394 tum
684 4325 915 4412 postea
958 4325 1265 4394 nanctum
1310 4348 1466 4393 esse.
