3167 5067
1468 351 1897 416 -46-

811 521 979 585 aliae
1047 521 1192 585 aliis
1247 522 1408 586 locis
1470 522 1856 601 haeserunt,
1930 522 2123 587 huius
2181 523 2357 587 velut
2417 544 2612 587 manu
2678 524 2888 607 capiti

806 634 1036 698 Martis
1083 639 1312 716 aptata
1357 639 1492 698 esti‘

1439 832 1946 898 Commodus,

702 971 1068 1053 Scriptores
1113 991 1311 1033 unum
1360 990 1548 1033 omen
1593 970 1798 1035 futuri
1844 971 2132 1052 imperii,
2178 976 2331 1035 ante
2379 976 2653 1035 mortem
2700 971 2890 1035 facta

494 1087 802 1167 portenta
845 1081 1173 1166 permulta
1212 1081 1400 1146 nobis
1457 1082 1891 1146 tradiderunt.
1982 1083 2109 1147 Pro
2163 1083 2375 1146 omine
2418 1083 2678 1166 imperii
2724 1084 2888 1147 mihi

493 1194 856 1281 putandum
901 1194 1159 1258 videtur
1216 1193 1569 1258 Faustinae
1626 1195 1855 1258 matris
1902 1196 2254 1273 somnium,
2314 1216 2710 1278 quamquam
2757 1195 2890 1259 hoc

496 1308 816 1373 somnium
861 1305 1279 1371 Commodum
1315 1326 1443 1369 non
1501 1310 1637 1370 tam
1692 1308 2053 1390 principem
2099 1307 2389 1372 futurum
2434 1329 2629 1390 quam
2674 1307 2887 1371 homi-

496 1441 643 1484 nem
704 1418 1173 1485 ferocissimum
1237 1417 1580 1482 ostendere
1642 1419 1959 1483 existimo,
2050 1420 2350 1501 Legimus
2405 1420 2581 1503 apud
2629 1420 2886 1484 Aelium

495 1531 940 1615 Lampridium
961 1554 975 1595 ε
1246 1605 1249 1610 .

909 1642 1081 1706 Com.
1131 1644 1276 1706 Ant.
1329 1648 1380 1706 1.
1431 1648 1485 1707 3.
1575 1642 1930 1721 „Faustina
1963 1664 2108 1707 cum
2143 1649 2314 1708 esset
2346 1643 2694 1709 Commodo
2733 1665 2887 1708 cum

772 1756 1009 1840 ⁶fratre
1039 1755 1350 1838 (gemino)
1396 1776 1782 1837 praegnans,
1829 1756 1969 1820 visa
2012 1761 2113 1820 est
2157 1757 2223 1820 in
2269 1757 2510 1820 somnis
2543 1762 2886 1839 serpentes

799 1858 1054 1950 parere,
1099 1867 1214 1931 sed
1260 1888 1340 1930 ex
1377 1866 1480 1930 his
1523 1889 1723 1932 unum
1766 1868 2190 1932 ferociorem&

698 1979 1150 2062 Prodigiorum
1210 1984 1361 2043 ante
1418 1985 1694 2043 mortem
1756 1979 2090 2044 Commodi
2148 1980 2471 2045 factorum
2518 1982 2879 2064 scriptores

495 2113 797 2175 magnum
841 2112 1198 2168 numerum,
1243 2096 1318 2154 ut
1359 2092 1489 2155 iam
1537 2112 1739 2176 supra
1782 2091 2086 2170 diximus,
2133 2092 2524 2172 attulerunt,
2588 2092 2702 2156 sed
2749 2114 2883 2157 non

492 2210 591 2269 est
636 2203 1084 2282 dubitandum,
1133 2203 1288 2285 quin
1337 2224 1561 2268 eorum
1607 2204 1814 2268 multa
1859 2225 1988 2268 non
2030 2204 2236 2268 solum
2282 2204 2367 2268 ad
2404 2204 2739 2268 Commodi
2786 2205 2884 2267 in-

490 2317 778 2396 teritum,
822 2316 938 2380 sed
984 2316 1181 2379 etiam
1220 2315 1307 2380 ad
1351 2315 1482 2379 alia
1525 2321 1827 2400 spectare
1872 2317 2004 2380 sint
2047 2317 2203 2381 visa.

698 2427 1025 2491 Nonnulla
1067 2447 1196 2491 non
1236 2432 1371 2491 tam
1419 2427 1751 2491 Commodi
1798 2428 2063 2493 caedem
2113 2450 2307 2511 quam
2354 2428 2644 2511 ingentia
2682 2427 2882 2506 bella,

493 2540 729 2624 quibus
789 2540 969 2604 brevi
1027 2545 1179 2623 post
1237 2540 1659 2604 Commodum
1719 2540 2135 2604 interfectum
2197 2562 2405 2624 paene
2464 2546 2642 2604 totus
2702 2540 2884 2603 orbis

492 2659 819 2717 terrarum
893 2656 1191 2716 vastatus
1232 2652 1352 2731 sit,
1413 2653 1913 2736 praenuntiasse
1980 2653 2230 2716 credita
2282 2674 2425 2716 esse
2478 2674 2559 2715 ex
2602 2653 2882 2735 scripto-

491 2788 634 2829 rum
682 2764 898 2829 verbis
943 2764 1172 2828 elucet.

700 2878 845 2941 Alia
888 2883 1084 2959 atque
1136 2896 1214 2939 ea
1257 2896 1386 2939 non
1418 2876 1655 2958 exigua
1686 2897 1843 2958 pars
1876 2877 2178 2954 ominum,
2228 2877 2525 2959 quamvis
2573 2876 2656 2940 ad
2702 2897 2875 2941 mor-

490 2995 619 3055 tem
670 2989 1000 3054 Commodi
1045 2995 1344 3072 spectare
1396 2988 1721 3067 videatur,
1769 2994 1975 3068 certe,
2022 2989 2178 3071 quid
2226 2988 2715 3070 significaverit,
2768 3010 2880 3052 ex-

491 3103 739 3187 plicare
785 3124 912 3167 non
968 3121 1346 3185 possumus,
1407 3101 1799 3185 praesertim
1864 3110 2006 3164 cum
2064 3101 2418 3183 scriptores
2478 3100 2653 3183 apud
2716 3122 2882 3183 quos

492 3236 635 3279 eam
681 3216 974 3298 legimuS,
1012 3236 1157 3278 cum
1206 3214 1291 3277 ad
1339 3213 1454 3277 illa
1498 3215 1716 3278 omina
1760 3213 2201 3277 enumeranda
2245 3212 2734 3295 aggrediantur,
2780 3213 2876 3275 in-

492 3327 827 3391 anioribus
886 3327 1101 3391 verbis
1161 3331 1464 3404 utantur,
1529 3346 1724 3409 quam
1786 3330 1860 3388 ut
1915 3346 1994 3389 ex
2053 3325 2134 3387 iis
2193 3325 2441 3408 aliquid
2485 3345 2876 3409 cognoscere

489 3440 837 3522 possimuS,
901 3444 973 3502 ιιι
1031 3437 1472 3515 HerodianuS,
1542 3438 1589 3501 l.
1642 3441 1738 3502 14.
1791 3445 1844 3516 1,
1910 3436 2101 3500 dicit:
2175 3437 2486 3523 ἐγένοντο
2560 3437 2631 3504 δέ
2691 3462 2869 3516 τινες

490 3548 627 3618 κατ’
685 3552 899 3617 έκεῖνο
943 3552 1054 3617 καὶ
1108 3552 1445 3636 διοσημίαι
1496 3550 1597 3613 vel
1643 3549 1862 3613 Aelius
1909 3548 2339 3632 LampridiuS,
2385 3549 2624 3612 Comm.
2677 3553 2774 3612 16.
2824 3554 2876 3611 1.

494 3662 841 3745 „Prodigia
874 3663 1011 3727 eius
1042 3644 1318 3745 imperio
1354 3666 1422 3725 et
1448 3662 1756 3745 publice
1790 3666 1862 3725 et
1888 3662 2248 3744 privatim
2284 3661 2449 3725 haec
2477 3661 2656 3724 facta
2688 3665 2878 3724 suntt‘

700 3776 880 3854 Quae
915 3796 1062 3840 cum
1087 3775 1184 3838 ita
1215 3773 1362 3853 sint,
1407 3774 1579 3838 hanc
1606 3775 1890 3838 ominum
1937 3772 2525 3838 enumerandorum
2556 3773 2877 3837 rationem

414 3894 418 3897 ⁴
491 3887 833 3952 instituere
876 3887 1034 3950 mihi
1077 3886 1407 3970 proposui,
1456 3892 1528 3950 ut
1570 3887 1849 3969 primum
1897 3906 1975 3950 ea
2020 3885 2309 3965 afferam,
2355 3907 2524 3969 quae
2572 3884 2655 3949 ad
2690 3885 2874 3948 Com-

493 3999 667 4064 modi
712 4003 988 4063 mortem
1031 4004 1332 4081 spectare
1378 4018 1458 4061 ex
1505 3998 1894 4081 scriptorum
1943 3999 2141 4062 certis
2184 3997 2401 4062 verbis
2453 3998 2627 4062 clare
2676 4017 2878 4080 appa-

492 4113 666 4190 reat,
723 4110 873 4178 dein
934 4130 1013 4174 ea
1073 4129 1567 4175 commemorem
1589 4159 1604 4188 ,
1665 4130 1833 4192 quae
1894 4110 2068 4175 bella
2124 4110 2439 4174 instantia
2493 4109 2878 4173 denuntiare

495 4225 632 4288 visa
676 4224 839 4302 sint,
897 4222 1174 4304 denique
1220 4222 1524 4286 adiiciam
1568 4221 1711 4299 illa,
1775 4242 1943 4304 quae
1988 4222 2180 4285 modo
2240 4222 2646 4305 temporibus
2694 4222 2878 4285 Com-

493 4334 668 4400 modi
709 4355 849 4400 esse
895 4334 1074 4398 facta
1118 4333 1295 4416 apud
1342 4334 1694 4417 scriptores
1738 4332 2047 4415 legamus,

700 4448 912 4524 Certa,
959 4453 1032 4510 ut
1075 4447 1169 4509 ita
1215 4446 1447 4528 dicam,
1493 4447 1711 4510 omina
1757 4448 1986 4511 mortis
2025 4447 2190 4510 haec
2232 4447 2363 4509 tria
2407 4446 2700 4528 repperi:
