3167 5067
1409 365 1836 423 ...58-

742 529 945 593 solum
998 531 1202 593 victor
1247 532 1360 594 sed
1409 532 1604 593 ctiam
1660 532 1726 594 in
1775 538 2105 596 aeternum
2155 552 2316 613 pace
2360 531 2635 595 fundata
2683 532 2821 593 vol-

745 665 899 706 vens
947 644 1180 721 animO,
1224 643 1379 726 quid
1428 644 1658 707 ominis
1706 643 1830 707 sibi
1877 648 2269 722 occurreret,
2315 644 2628 727 Aethiops
2676 644 2821 725 qui-

743 755 893 818 dam
944 777 978 817 e
1017 776 1284 819 numero
1329 754 1630 833 militari,
1690 755 1907 820 clarae
1952 757 2122 819 iuter
2174 777 2435 820 scurras
2481 755 2695 819 famae
2752 762 2825 819 et

747 866 1225 930 celebratorum
1273 888 1529 951 semper
1573 869 1897 947 iocorum,
1946 890 2091 932 cum
2135 889 2376 932 corona
2418 889 2453 932 e
2503 890 2818 951 cupressu

745 979 922 1043 facta
967 980 1177 1043 eidem
1219 980 1543 1044 occurrit“

847 1092 932 1156 ib.
972 1098 1070 1155 22.
1121 1098 1174 1156 5.
1267 1113 1495 1174 „quem
1545 1114 1689 1155 cum
1734 1092 1843 1156 ille
1889 1093 2096 1156 iratus
2128 1093 2447 1156 removeri
2492 1092 2575 1156 ab
2612 1090 2820 1155 oculis

742 1205 1222 1287 praecepisset,
1283 1209 1348 1267 et
1413 1204 1647 1268 coloris
1707 1206 1845 1268 eius
1888 1210 2103 1268 tactus
2150 1205 2362 1269 omine
2410 1210 2475 1268 et
2517 1225 2818 1281 coronae,

747 1316 986 1380 dixisse
1033 1316 1141 1380 ille
1189 1316 1429 1380 dicitur
1473 1317 1600 1381 ioci
1642 1338 1874 1381 causa:

850 1429 1102 1492 ‘Totum
1149 1427 1350 1504 fuisti,
1397 1434 1606 1492 totum
1654 1430 1884 1519 vicisti,
1929 1430 2060 1492 iam
2105 1428 2265 1492 deus
2314 1434 2452 1492 esto
2506 1428 2773 1491 victor’“

847 1541 932 1605 ib.
981 1546 1081 1603 22.
1129 1547 1186 1605 6.
1275 1546 1381 1619 „et
1443 1542 1508 1605 in
1573 1542 1902 1605 civitatem
1968 1542 2227 1604 veniens
2286 1562 2431 1604 cum
2478 1561 2617 1603 rem
2660 1540 2823 1603 divi-

743 1675 896 1716 nam
941 1652 1134 1716 vellet
1175 1653 1423 1731 facere,
1490 1655 1770 1736 primum
1817 1654 1900 1717 ad
1946 1653 2254 1716 Bellonae
2302 1652 2615 1735 templum
2661 1652 2824 1715 duc-

744 1771 851 1828 tus
896 1770 996 1829 est
1041 1787 1261 1829 errore
1307 1765 1675 1848 haruspicis
1721 1766 1988 1830 rustici“

850 1877 1121 1956 „deinde
1166 1878 1418 1942 hostiae
1466 1879 1691 1942 furvae
1736 1883 1888 1942 sunt
1927 1877 2316 1960 adplicitae“

849 1989 935 2053 ib.
991 1995 1090 2053 22.
1156 1996 1211 2053 7.
1303 1990 1516 2073 „quod
1581 2012 1727 2054 cum
1789 1995 1961 2055 esset
2014 1995 2403 2073 aspernatus
2472 1994 2670 2071 atque
2738 1990 2829 2052 ad

747 2101 1067 2165 Palatium
1123 2124 1191 2165 se
1236 2103 1589 2185 reciperet,
1648 2103 2058 2185 neglegentia
2103 2103 2546 2166 ministrorum
2592 2102 2826 2183 nigrae

744 2214 999 2278 hostiae
1063 2220 1129 2278 et
1189 2237 1393 2296 usque
1439 2214 1524 2279 ad
1569 2215 1765 2280 limen
1809 2215 2037 2279 domus
2083 2214 2424 2278 Palatinae
2469 2214 2825 2297 imperato·

746 2331 883 2392 rem
930 2331 1194 2392 secutae
1240 2331 1427 2391 sunti‘

1218 2615 1735 2681 Pescennius
1781 2616 2054 2698 Niger.

645 2780 745 2844 Ad
790 2780 1212 2843 Pescennium
1255 2780 1524 2863 Nigrum
1571 2780 1881 2845 nonnulla
1925 2780 2141 2844 omina
2178 2785 2475 2861 spectare
2514 2779 2831 2842 videban-

439 2898 562 2956 tur.
651 2893 1004 2976 Imperium
1052 2894 1224 2971 eiu8‚
1288 2895 1457 2957 sicut
1504 2895 1700 2957 etiam
1746 2894 1966 2956 Severi
2011 2897 2077 2955 et
2123 2891 2355 2970 Albini,
2402 2892 2834 2973 praenuntia·

438 3010 576 3069 tum
623 3005 1121 3070 existimabatur
1165 3005 1293 3070 illis
1339 3006 1550 3070 tribus
1596 3005 1837 3084 stellis,
1903 3026 2071 3088 quae
2127 3004 2378 3068 Iuliano
2428 3001 2834 3068 sacrificanti

436 3123 884 3201 apparuerunt
950 3118 1100 3200 (Dio
1152 3118 1270 3201 Ep.
1324 3119 1613 3182 LXXIII.
1667 3124 1761 3182 14.
1811 3124 1879 3198 43
1942 3117 2019 3181 cf.
2067 3137 2214 3200 pag.
2264 3121 2338 3181 51
2394 3120 2460 3179 et
2506 3116 2632 3198 52).

647 3229 916 3308 Qualem
963 3231 1321 3313 imperator
1349 3230 1564 3295 factus
1611 3251 1679 3294 se
1712 3230 2132 3314 praebiturus
2180 3233 2369 3307 esset,
2413 3228 2832 3312 praedictum

440 3347 540 3406 est
584 3342 901 3425 Apollinis
945 3342 1244 3425 Delphici
1289 3348 1455 3422 vate,
1502 3343 1615 3425 qui
1657 3342 2170 3406 vaticinabatur:

749 3455 1171 3537 „Optimus
1220 3462 1348 3518 est
1393 3455 1744 3532 Fuscus,
1791 3454 1999 3518 bonus
2033 3453 2205 3532 Afer,
2233 3453 2551 3536 pessimus
2583 3452 2834 3517 Albus“

957 3567 1199 3650 (Spart.
1248 3567 1389 3649 Nig.
1440 3574 1497 3632 8.
1550 3575 1604 3647 1,
1652 3572 1721 3648 2;
1771 3566 1849 3631 cf.
1896 3588 2043 3649 pag.
2094 3571 2173 3630 56
2222 3570 2289 3629 et
2334 3567 2461 3648 57).

651 3681 850 3761 Signa
896 3679 1124 3744 mortis
1171 3680 1530 3761 compluria
1578 3680 1834 3763 accepit
1862 3679 2076 3761 Niger.
2166 3677 2240 3740 In
2286 3697 2510 3741 eorum
2554 3698 2834 3741 numero

441 3792 888 3856 collocandum
935 3792 1092 3856 mihi
1152 3792 1408 3855 videtur
1470 3792 1631 3857 illud
1694 3792 1937 3855 dictum
1987 3791 2216 3855 Iuliani
2261 3810 2471 3871 neque
2518 3787 2646 3852 sibi·
2714 3811 2828 3853 ne·

442 3927 568 3987 que
629 3905 980 3969 Pescennio
1037 3904 1302 3986 longum
1352 3906 1697 3988 imperium
1758 3903 1980 3968 deberi
2041 3904 2284 3987 (Spart.
2353 3900 2493 3983 Nig.
2543 3905 2598 3963 3.
2650 3905 2704 3977 1,
2755 3906 2836 3982 23

441 4018 517 4081 cf.
565 4038 711 4102 pag.
762 4023 842 4081 50
889 4022 955 4080 et
1001 4018 1128 4100 51).

649 4130 1000 4193 Praeterea
1062 4130 1311 4208 omina,
1386 4151 1554 4212 quae
1629 4129 1878 4193 cladem
1946 4133 2011 4191 et
2081 4131 2352 4189 mortem
2419 4125 2708 4189 futuram
2773 4127 2837 4189 ei

441 4240 890 4318 ostendebant,
939 4247 1527 4306 commemorantur
1574 4242 1772 4305 haec:

856 4352 978 4418 Dio
1045 4353 1157 4435 Ep.
1219 4354 1503 4416 LXXIV.
1568 4360 1622 4416 6.
1688 4358 1742 4415 3.
1834 4347 2022 4429 ἀετός
2083 4377 2150 4417 τε
2213 4349 2338 4436 γὰρ
2405 4345 2495 4416 ἐπ’
2563 4345 2838 4435 ἄγαλμα
