3167 5067
1232 381 1663 443 -19-

565 551 834 629 repente
874 546 1089 631 prima
1146 568 1420 632 vespera
1480 553 1679 630 atque
1745 548 1812 612 in
1856 546 2126 612 multam
2170 552 2429 612 noctem
2490 568 2638 631 per-

564 658 870 723 tinaciter
910 658 1117 724 luxit“

670 769 845 835 Cass.
886 770 1011 836 Dio
1053 770 1276 836 LVHI.
1312 776 1413 851 26,
1448 778 1517 837 5:
1584 769 1622 840 ὁ
1676 776 1936 859 Τίβερις
1974 770 2185 839 πολλὰ
2229 780 2346 859 τῆς
2388 771 2640 852 πόλεως

566 880 926 951 ἐπέκλυσεν
974 880 1135 950 ὥστε
1181 890 1601 969 πλευσθῆναι

463 995 644 1078 (Zon.
687 995 799 1059 XI.
849 1000 921 1076 33
979 993 1156 1079 apud
1199 995 1515 1075 Tacitum,
1566 1016 1712 1059 ann.
1759 996 1807 1059 Ι.
1855 1001 1955 1075 76,
2002 994 2255 1061 Tiberis
2298 994 2639 1060 inundatio

241 1113 674 1187 memoratur,
721 1107 836 1172 sed
882 1128 1027 1171 oum
1075 1128 1154 1171 ea
1199 1127 1368 1171 anno
1418 1112 1541 1172 768
1590 1128 1646 1171 a.
1685 1129 1746 1171 u.
1793 1107 1883 1192 [p.
1916 1107 2063 1172 Chr.
2098 1108 2205 1192 15]
2266 1107 2448 1172 faeta
2491 1128 2640 1172 nar-

241 1226 457 1299 retur,
504 1239 633 1284 non
675 1219 938 1284 videtur
982 1240 1126 1285 esse
1157 1219 1403 1299 eadem,
1450 1240 1649 1302 quam
1686 1218 1933 1285 Tiberii
1959 1225 2236 1285 mortem
2281 1219 2642 1286 ostendisse

244 1332 375 1397 Dio
417 1332 707 1416 nuntiat)

567 1444 730 1528 πυρὶ
774 1442 949 1511 πολὺ
991 1448 1194 1513 πλείω
1243 1448 1397 1529 περί
1419 1470 1489 1512 τε
1534 1441 1658 1512 τὸν
1698 1443 2123 1531 ἱππόδρομον
2166 1446 2280 1512 καὶ
2323 1445 2476 1531 περὶ
2521 1442 2644 1513 τὸν

563 1552 987 1624 Άυνεντῖνον
1045 1554 1314 1644 ἐφθάρη
1359 1556 1539 1642 (Zon.
1586 1557 1698 1620 XI.
1747 1561 1820 1637 33
1881 1556 2032 1621 Tae.
2089 1577 2236 1621 ann.
2284 1558 2389 1622 VI.
2445 1559 2556 1642 45)

667 1665 755 1732 ib.
803 1672 903 1732 27.
938 1673 968 1733 1
1021 1666 1058 1736 ὅ
1104 1669 1329 1754 φοῖνιξ
1376 1668 1608 1758 ἐκείνῳ
1653 1677 1748 1761 τῷ
1790 1667 1919 1736 ἔτει
1970 1664 2172 1756 ὤφθη
2219 1669 2398 1755 (Zon.
2427 1669 2644 1750 XL33

568 1780 720 1845 Tao.
765 1800 912 1844 ann.
959 1779 1065 1846 VI.
1114 1781 1243 1863 28).
2504 1772 2512 1779 ’

465 1893 648 1971 Quae
710 1893 928 1956 omnia
987 1892 1231 1958 Tiberii
1291 1896 1568 1957 mortem
1628 1892 2046 1959 denuntiasse
2101 1893 2296 1958 Dioni
2341 1893 2647 1959 videntur

247 2005 441 2092 (ibid.
490 2008 593 2069 27.
639 2005 721 2089 1).

463 2116 763 2182 Tiberius
807 2117 948 2201 ipse
984 2116 1329 2200 providum
1371 2115 1742 2182 futurorum
1786 2138 1857 2183 se
1898 2116 2222 2201 praebuit,
2270 2118 2445 2202 quod
2488 2138 2640 2202 eog-

248 2230 588 2297 nosoimus
632 2249 713 2293 ex
757 2228 968 2293 Taciti
1017 2249 1161 2293 ann.
1211 2229 1315 2293 VI.
1365 2233 1480 2294 46:
2392 2235 2396 2239 ’

569 2361 889 2423 „namque
944 2340 1239 2405 Macroni
1296 2361 1425 2406 non
1487 2340 1715 2406 abdita
1774 2342 2050 2425 ambage
2096 2342 2500 2408 occidentem
2561 2343 2647 2408 ab

572 2473 649 2518 eo
696 2452 927 2533 deseri,
974 2453 1291 2518 orientem
1337 2454 1624 2538 spectari
1671 2453 2131 2538 exprobraviti‘

1105 2651 1362 2717 Gaius
1406 2651 1819 2735 Caligula.

469 2791 704 2855 Omina
767 2789 1026 2874 imperii
1081 2788 1288 2854 futuri
1358 2810 1695 2874 perpauca
1752 2789 1918 2855 Gaio
1994 2795 2147 2856 sunt
2216 2791 2413 2857 facta.
2503 2789 2648 2858 Duo

252 2904 675 2968 inveniuntur
719 2902 895 2986 apud
926 2901 1305 2967 Suetonium
1343 2902 1492 2983 looi,
1535 2901 1651 2967 ubi
1694 2922 1801 2969 res
1834 2901 2023 2967 nobis
2060 2903 2434 2985 traduntur,
2478 2924 2648 2987 quae

256 3016 481 3081 neseio
529 3036 613 3079 an
654 3015 723 3079 in
770 3012 1093 3080 ominibus
1135 3014 1395 3098 imperii
1438 3011 1747 3079 habenda
1793 3014 1941 3080 sint.

469 3127 819 3192 Suetonius
879 3131 1129 3206 narrat,
1173 3125 1237 3191 G.
1285 3126 1486 3209 Calig.
1534 3133 1593 3206 8,
1639 3126 1995 3191 versiculos
2058 3125 2225 3191 Gaio
2282 3127 2650 3210 imperante

265 3260 410 3305 esse
460 3239 862 3322 divulgatos,
911 3239 1022 3321 qui
1065 3238 1241 3325 apud
1281 3238 1594 3304 hibernas
1655 3237 1943 3321 legiones
2002 3217 2235 3303 Gaium
2286 3259 2425 3303 esse
2499 3258 2651 3322 pro-

266 3357 564 3417 creatum
608 3351 1070 3416 indicaverint:

573 3463 687 3543 „In
732 3462 968 3528 eastris
1011 3467 1225 3542 natuS,
1268 3463 1503 3546 patriis
1548 3462 1837 3528 nutritus
1880 3463 1949 3527 in
1996 3463 2214 3543 armis,

570 3574 709 3639 Iam
751 3574 1077 3657 designati
1119 3575 1433 3659 principis
1480 3595 1669 3640 omen
1717 3579 1901 3640 erat“

259 3689 674 3769 Quamquam
714 3707 845 3751 non
890 3687 1237 3752 verisimile
1286 3692 1387 3753 est
1430 3687 1668 3753 Gaium
1708 3685 1803 3751 ibi
1861 3706 2003 3751 esse
2046 3690 2275 3752 natum
2318 3687 2428 3773 (of.
2474 3687 2650 3753 Suet.

259 3799 324 3865 O.
354 3798 487 3864 Gal.
517 3800 583 3883 8)
630 3803 829 3883 atque
871 3798 1021 3865 illos
1062 3820 1287 3864 versus
1325 3805 1559 3883 postea
1609 3798 2002 3883 compositos
2047 3819 2189 3864 esse
2216 3800 2651 3884 perspicuum,

257 3905 656 3976 tamennon
700 3916 801 3976 est
845 3909 1296 3991 dubitandum,
1345 3911 1501 3994 quin
1540 3911 1638 3975 illi
1682 3909 2007 3991 homines,
2055 3910 2168 3994 qui
2209 3910 2459 3993 locum,
2522 3933 2653 3995 quo

259 4024 465 4088 Gaius
507 4026 703 4088 natus
745 4023 848 4103 sit,
894 4029 1074 4088 recte
1121 4022 1253 4089 illis
1286 4023 1583 4088 versibus
1626 4023 1987 4089 indicatum
2031 4045 2172 4091 esse
2203 4023 2653 4105 iudicaverint,

256 4155 642 4220 persuasum
695 4134 1051 4201 habuerint
1094 4157 1283 4201 omen
1325 4135 1527 4201 fuisse
1570 4135 1756 4214 Gaio,
1802 4136 1995 4218 quod,
2023 4137 2092 4200 in
2138 4137 2372 4202 castris
2417 4137 2652 4221 patriis

256 4250 324 4312 in
367 4247 584 4312 lucem
631 4246 847 4313 editus
893 4248 997 4317 sit.
1091 4249 1307 4326 Quare
1327 4298 1342 4328 ‚
1400 4248 1557 4331 quid
1602 4247 1732 4312 illis
1777 4249 2115 4314 versieulis
2160 4248 2349 4313 nobis
2393 4250 2652 4314 nuntia-

257 4367 397 4424 tum
446 4360 534 4423 sit
554 4409 570 4439 ‚
631 4360 804 4423 inter
857 4362 1081 4443 signa,
1144 4380 1313 4443 quae
1359 4360 1527 4425 Gaio
1592 4361 1935 4443 imperium
1999 4359 2358 4425 ostendisse
2402 4361 2655 4427 eredita

256 4476 428 4551 sunt,
476 4472 848 4536 enumerari
892 4493 1085 4555 posse
1130 4472 1289 4536 mihi
1333 4472 1657 4537 videntur.

428 4591 433 4596 ,
2091 4574 2125 4625 2
2142 4573 2170 4606 ,..
