3167 5067
1579 324 2010 388 ..14-

604 496 775 576 nit03
815 496 990 578 apud
1017 495 1311 559 Orosium
1335 496 1386 577 1)
1412 495 1687 577 legimus
1723 495 1807 559 ab
1844 494 2141 558 hostibus
2176 494 2682 558 circumventum
2712 493 2997 577 periisse

606 607 1046 688 Caracallam3
1106 608 1306 690 paulo
1351 606 1618 671 uberius
1678 613 1906 670 narrat
1949 606 2339 689 Spartianus
2351 606 2405 688 2)
2457 626 2604 670 eum
2642 606 2904 671 insidiis
2956 627 2995 669 a

607 720 897 784 Macrino
942 718 1146 802 praef.
1191 722 1400 801 praet.
1446 718 1679 800 positis
1717 718 2180 800 interemptum
2228 737 2368 781 esse
2412 738 2454 782 a
2479 716 2781 782 Martiale
2824 738 2996 799 quo·

605 830 756 895 dam
805 830 1078 894 consciis
1122 830 1445 894 nonnullis
1491 830 1636 893 aliis
1687 830 2011 894 exercitus
2052 828 2346 893 ducibus

813 942 1211 1023 ScriptoreS,
1259 941 1370 1023 qui
1414 941 1601 1005 nobis
1649 941 1973 1024 copiosius
2015 940 2316 1019 tradunt,
2376 959 2505 1022 quo
2548 940 2739 1004 modo
2785 940 2994 1005 Cara-

607 1053 812 1118 callae
859 1052 1092 1118 caedes
1139 1051 1373 1117 effecta
1417 1053 1534 1132 sit,
1596 1059 1747 1117 sunt
1806 1052 2216 1117 Herodianus
2284 1057 2350 1116 et
2390 1051 2513 1116 Dio
2559 1073 2839 1135 eumque
2892 1073 2994 1117 se-

607 1171 795 1230 cutus
844 1165 1161 1244 ZonaraS,
1209 1185 1483 1247 quorum
1532 1165 1972 1229 narrationem
2015 1164 2341 1246 respicere
2387 1164 2469 1228 ob
2517 1185 2661 1229 eam
2705 1166 2996 1229 maxime

605 1297 869 1342 causam
912 1277 1202 1356 interest,
1251 1276 1426 1359 quod
1469 1276 1538 1340 hi
1583 1277 1936 1359 scriptores
1981 1274 2100 1340 soli
2141 1276 2329 1340 nobis
2380 1282 2728 1359 exponunt,
2796 1278 2995 1359 qui-

603 1389 756 1453 bus
800 1388 1052 1453 rebus
1098 1387 1521 1452 adductus
1566 1387 1945 1452 Caracallae
2000 1408 2224 1451 necem
2270 1387 2599 1454 Macrinus
2639 1389 2996 1471 agitaverit

605 1506 670 1564 et
713 1499 1081 1582 perfecerit.

809 1612 1000 1693 Apud
1027 1610 1470 1675 Herodianum
1489 1610 1541 1695 3)
1567 1610 1841 1693 legimus
1860 1612 2248 1675 Antoninum
2278 1611 2701 1691 Caracallam,
2734 1633 2885 1676 cum
2924 1612 2992 1675 in

607 1723 1084 1807 Mesopotamia
1126 1729 1516 1801 versaretur,
1562 1723 1925 1800 timentem,
1965 1743 2046 1786 ne
2091 1722 2214 1786 sibi
2257 1723 2532 1786 insidiae
2576 1730 2993 1806 pararentur,

604 1855 824 1899 omnes
869 1835 1223 1917 arripuisse
1274 1834 1765 1898 vaticinationes
1811 1839 2008 1915 atque
2066 1854 2310 1916 magoS,
2358 1833 2739 1917 astrologos,
2785 1835 2992 1899 haru-

599 1948 813 2030 spices
857 1946 1142 2027 undique
1188 1946 1633 2025 arcessivisse,
1702 1950 1775 2009 ut
1835 1946 2073 2009 certior
2129 1944 2318 2009 fieret
2373 1945 2452 2009 de
2506 1945 2763 2009 futuris,
2856 1946 2988 2010 Sed

603 2079 750 2122 cum
791 2063 964 2122 esset
993 2058 1360 2140 suspicatus
1404 2057 1488 2122 ab
1528 2056 1657 2121 illis
1691 2057 1910 2121 fausta
1944 2057 2134 2120 modo
2182 2062 2248 2121 et
2287 2056 2573 2120 iucunda
2621 2056 2747 2120 sibi
2790 2077 2987 2140 prae-

600 2169 906 2247 nuntiari,
946 2169 1220 2233 Romam
1264 2170 1660 2233 Antoninum
1699 2168 2106 2232 Materniano
2155 2168 2430 2246 cuidam,
2475 2166 2988 2232 familiarissimo

605 2302 754 2359 su0,
815 2280 1072 2344 litteras
1115 2280 1398 2358 misisse,
1459 2280 1696 2362 quibus
1740 2279 2037 2343 iussisset
2079 2300 2226 2343 eum
2272 2279 2351 2342 de
2401 2279 2572 2343 vitae
2618 2285 2683 2342 et
2726 2280 2989 2362 imperii

605 2393 705 2456 sui
747 2391 874 2456 fine
919 2413 1037 2474 per
1074 2411 1299 2473 magos
1330 2390 1765 2455 nobilissimos
1809 2389 2159 2471 inquirere.
2220 2389 2698 2454 Maternianum
2744 2396 2988 2466 autem,

605 2504 738 2567 sive
783 2523 854 2566 re
899 2523 1054 2567 vera
1094 2501 1230 2565 deis
1275 2501 1437 2566 talia
1479 2501 1985 2567 vaticinantibus
2047 2501 2181 2565 sive
2237 2501 2386 2565 odio
2432 2501 2709 2568 Macrini
2751 2502 2980 2566 incita·

602 2619 742 2679 tum
761 2613 1120 2695 scripsisse
1168 2613 1490 2677 Antonino
1531 2635 1572 2676 a
1617 2613 1908 2677 Macrino
1955 2613 2394 2696 principatum
2446 2611 2757 2677 affectari.
2847 2598 2988 2675 Has

600 2726 858 2790 litteras
922 2746 1053 2788 una
1113 2745 1257 2789 cum
1315 2725 1459 2789 aliis
1517 2724 1894 2789 Caracallae
1956 2745 2097 2789 esse
2157 2725 2435 2790 traditas
2456 2774 2470 2803 ,
2529 2745 2672 2788 cum
2735 2725 2844 2787 ille
2902 2723 2985 2787 ad

602 2837 793 2901 ludos
839 2857 906 2900 se
944 2835 1237 2900 conferre
1280 2836 1491 2914 vellet,
1541 2858 1673 2918 qua
1714 2836 1794 2899 de
1824 2856 2041 2914 causa,
2085 2857 2166 2900 ne
2210 2856 2392 2899 mora
2429 2835 2787 2913 exsisteret,
2836 2857 2984 2899 eum

605 2948 1029 3031 epistolarum
1092 2948 1344 3031 copiam
1405 2947 1695 3011 Macrino
1756 2946 1961 3030 praef.
2006 2929 2215 3031 praet.
2263 2945 2550 3025 dedisse,
2613 2952 2688 3011 ut
2740 2947 2981 3029 episto-

605 3061 685 3124 lis
730 3060 1068 3143 inspectis,
1131 3059 1289 3141 quid
1341 3059 1605 3142 cognitu
1651 3059 1911 3141 dignum
1969 3059 2317 3137 videretur,
2364 3079 2581 3122 secum
2628 3058 2980 3122 communi-

609 3178 806 3252 caret,
852 3177 926 3236 ut
971 3171 1230 3253 saepius
1276 3169 1495 3234 facere
1540 3169 1768 3234 solitus
1814 3176 2002 3235 esset.
2095 3173 2306 3252 Atque
2348 3169 2467 3234 tali
2510 3170 2702 3233 modo
2747 3168 2984 3232 Macri-

574 3305 756 3347 num
811 3283 1232 3365 comperisse,
1293 3281 1448 3363 quid
1498 3282 1940 3346 Maternianus
1987 3282 2066 3345 de
2125 3303 2194 3345 se
2254 3282 2651 3364 scripsisset,
2714 3286 2779 3344 et
2838 3301 2982 3344 cum

602 3394 1029 3458 intellexisset
1072 3414 1141 3457 se
1185 3393 1584 3457 trucidatum
1630 3393 1743 3472 iri,
1804 3393 1917 3458 ubi
1962 3393 2240 3475 primum
2290 3392 2629 3455 Caracalla
2668 3392 2980 3455 vaticina-

600 3506 842 3570 tionem
888 3505 1324 3587 cognovisset,
1372 3505 1716 3583 statuisse,
1779 3510 2130 3585 antequam
2176 3504 2316 3585 ipse
2360 3509 2740 3581 necaretur,
2787 3502 2980 3566 Cara-

604 3617 835 3681 callam
882 3615 1266 3680 interficere.
1356 3616 1441 3679 Et
1501 3615 1685 3679 brevi
1728 3620 1880 3697 post
1934 3614 2340 3679 Caracallam
2386 3635 2425 3679 a
2469 3613 2772 3678 Martiale
2825 3634 2982 3694 quo-

603 3729 785 3807 dam,
832 3729 935 3793 cui
977 3728 1306 3792 Macrinus
1350 3727 1815 3809 persuasisset,
1875 3732 1950 3790 ut
2005 3732 2279 3791 mortem
2325 3726 2551 3791 fratris
2591 3725 2787 3809 paulo
2833 3730 2981 3788 ante

602 3860 642 3902 a
685 3839 1024 3904 Caracalla
1069 3839 1302 3922 capitis
1349 3838 1640 3902 damnati
1681 3838 2123 3917 ulcisceretur,
2164 3844 2468 3902 necatum
2513 3857 2669 3900 esse.

808 3953 864 4015 A
910 3950 1117 4014 Dione
1135 3950 1224 4033 4),
1290 3970 1482 4032 quem
1534 3950 1823 4013 Zonaras
1850 3949 1905 4031 5)
1965 3949 2368 4013 nobilissima
2412 3947 2601 4010 modo
2648 3949 2973 4030 attingens

812 4091 863 4157 1)
901 4087 1038 4143 VII.
1080 4089 1159 4140 18.

808 4176 865 4243 2)
902 4173 1039 4226 Am.
1078 4172 1200 4225 oar.
1232 4174 1280 4224 6.
1315 4174 1347 4224 6
1384 4201 1451 4210 —
1487 4176 1535 4225 7.
1574 4173 1624 4224 2.

810 4263 865 4328 3)
903 4260 1007 4314 IV.
1050 4261 1131 4312 12.
1169 4261 1217 4310 3.
1255 4288 1323 4296 —
1362 4260 1441 4310 13.
1477 4259 1525 4310 5.

809 4347 866 4412 4)
903 4343 1240 4399 LXXVIII.
1277 4345 1327 4395 4.
1368 4346 1395 4394 1
1434 4374 1501 4381 -
1536 4344 1582 4394 5.
1622 4345 1670 4394 4.

811 4433 865 4499 5)
902 4431 1039 4483 XII.
1082 4433 1160 4484 12.
1254 4443 1259 4446 *
