3167 5067
1454 345 1884 406 ...26-

692 514 999 579 Consulto
1045 514 1314 597 Delphis
1364 513 1659 596 Apolline
1719 512 1968 575 audivit
2013 511 2556 593 septuagesimum
2605 531 2683 571 ac
2728 514 2858 571 ter·

482 627 643 691 tium
707 647 950 690 annum
1009 625 1365 689 cavendum
1428 624 1552 689 sibi
1614 644 1754 688 esse
1821 624 2026 707 (Suet.
2090 622 2163 685 N.
2213 628 2329 703 403
2409 621 2654 699 Galba,
2716 640 2866 684 cum

485 737 729 804 Neroni
776 736 1173 814 succederet,
1221 743 1381 820 sept.
1431 741 1578 800 tert.
1627 757 1865 799 annum
1918 735 2115 818 egit).

690 849 1044 914 Praeterea
1090 849 1436 913 Suetonius
1480 848 1646 912 haec
1688 851 1995 931 portenta
2038 844 2262 910 tradit:

900 959 1074 1026 Nero
1111 965 1213 1025 46.
1294 980 1687 1042 „numquam
1734 964 1929 1023 antea
1973 958 2295 1022 somniare
2339 955 2596 1043 solitus,
2648 956 2872 1020 occisa

796 1073 1052 1138 demum
1117 1077 1330 1136 matre
1375 1071 1538 1135 vidit
1580 1092 1700 1154 por
1758 1071 2073 1153 quietem,
2135 1089 2366 1133 navem
2426 1067 2553 1132 sibi
2615 1068 2872 1150 regenti

797 1190 1124 1249 extortum
1169 1182 1701 1267 gubernaculum,
1750 1181 2054 1263 trahique
2092 1202 2161 1245 se
2210 1179 2294 1245 ab
2341 1179 2615 1245 Octavia
2661 1200 2872 1243 uxore

793 1297 859 1360 in
889 1297 1254 1362 artissimas
1295 1295 1603 1360 tenebras
1646 1299 1712 1359 et
1754 1294 1947 1358 modo
1991 1294 2408 1377 pinnatarum
2446 1291 2870 1356 formicarum

793 1408 1210 1473 multitudine
1286 1406 1571 1491 oppleri,
1645 1405 1838 1471 modo
1899 1426 1941 1470 a
1996 1403 2363 1470 simulacris
2434 1404 2717 1487 gentium
2782 1402 2872 1466 ad

793 1520 1062 1604 Pompei
1103 1520 1434 1585 theatrum
1471 1517 1923 1583 dedicatarum
1973 1516 2300 1583 circumiri
2332 1516 2672 1598 arcerique
2717 1535 2873 1597 pro-

798 1637 1066 1715 gressu“

897 1750 1366 1823 „asturconem
1402 1763 1531 1826 quo
1566 1742 1846 1806 maxime
1879 1740 2269 1817 laetabatur,
2316 1739 2679 1820 posteriore
2721 1758 2863 1801 cor·

791 1856 971 1938 poris
1014 1861 1204 1938 parte
1249 1856 1315 1918 in
1363 1855 1591 1919 simiae
1637 1854 1916 1936 speciem
1961 1850 2532 1933 transfiguratum,
2596 1870 2675 1913 ac
2720 1854 2874 1913 tan-

792 1972 932 2032 tum
972 1967 1187 2050 capite
1230 1967 1486 2050 integro
1526 1966 1817 2030 hinnitus
1868 1964 2061 2029 edere
2110 1967 2423 2027 canoros“

895 2078 1014 2158 „de
1069 2078 1435 2158 MausoleO,
1497 2083 1727 2161 sponte
1790 2075 2040 2141 foribus
2099 2075 2483 2158 patefactiS,
2554 2072 2869 2137 exaudita

794 2211 920 2255 vox
964 2195 1063 2255 est
1104 2190 1361 2255 nomine
1408 2211 1555 2255 eum
1603 2189 1868 2253 cientis“

898 2301 1037 2382 „KL
1082 2303 1216 2366 Ian.
1278 2302 1575 2367 exornati
1627 2300 1832 2365 Lares
1884 2300 1950 2363 in
1994 2300 2138 2382 ipso
2190 2297 2493 2363 sacrificii
2540 2285 2868 2381 apparatu

796 2413 1256 2478 conciderunt“

900 2525 1306 2608 „auspicanti
1336 2526 1580 2609 Sporus
1613 2524 1879 2588 anulum
1913 2524 2164 2588 muneri
2195 2523 2450 2607 optulit,
2482 2522 2666 2588 cuius
2695 2542 2870 2605 gem-

796 2658 941 2702 mae
987 2637 1327 2720 sculptura
1372 2641 1517 2701 erat
1561 2636 1994 2719 Proserpinae
2038 2641 2308 2719 raptus“

899 2755 1235 2828 „votorum
1268 2748 1769 2832 nuncupatione,
1801 2769 2039 2831 magna
2067 2747 2199 2811 iam
2230 2747 2531 2824 ordinum
2564 2746 2897 2829 frequen-⁴

795 2861 907 2940 tia,
953 2861 1060 2925 vix
1103 2867 1406 2945 repertae
1451 2859 1755 2944 Capitolii
1801 2859 2053 2924 claves“

899 2993 1085 3052 „cum
1130 2994 1211 3037 ex
1243 2973 1539 3038 oratione
1584 2973 1725 3037 eius
1914 2972 2308 3036 recitaretur
2346 2972 2415 3036 in
2450 2976 2704 3050 senatu,
2750 2970 2867 3033 da-

798 3090 982 3150 turos
1039 3105 1285 3168 poenas
1345 3084 1701 3149 sceleratos
1747 3134 1880 3163 ...,
1926 3083 2403 3149 conclamatum
2434 3087 2552 3162 vest
2597 3082 2682 3147 ab
2726 3082 2870 3146 uni-

796 3218 1032 3263 vers1s:

903 3309 1000 3373 Tu
1047 3308 1248 3374 facies
1297 3310 1590 3391 Auguste
1609 3309 1662 3372 !“

901 3421 1356 3500 „observatum
1401 3421 1600 3485 etiam
1643 3420 1879 3499 fuerat,
1940 3420 2354 3484 novissimam
2386 3416 2678 3482 fabulam
2718 3438 2871 3481 can-

800 3538 978 3598 tasse
1050 3554 1196 3597 eum
1260 3532 1521 3616 publice
1585 3532 1987 3616 Oedipodem
2050 3531 2305 3597 exulem
2360 3535 2559 3613 atque
2624 3530 2692 3593 in
2747 3528 2875 3593 hoc

800 3645 1045 3710 desisse
1083 3667 1311 3742 versu:

905 3766 1147 3825 θανεῖν
1187 3753 1247 3843 μ’
1304 3754 1521 3843 ἄνωγε
1568 3756 1929 3844 σύγγαμος,
1973 3754 2213 3842 μήτηρ,
2258 3754 2518 3842 σιεοιτήρξι

697 3869 1080 3952 Progeniem
1124 3869 1475 3934 Caesarum
1532 3871 1602 3933 in
1663 3869 1920 3935 Nerone
1980 3888 2119 3933 esse
2166 3867 2570 3932 defecturam
2617 3864 2874 3929 duobus

492 3982 691 4065 signis
732 3981 1248 4060 evidentissimiS,
1292 3988 1367 4046 ut
1412 3982 1763 4047 Suetonius
1809 3980 1985 4059 dicit,
2032 3979 2357 4063 apparuit.
2447 3977 2616 4041 Nam
2661 3977 2875 4041 novis-

491 4095 653 4160 simo
699 4094 978 4159 Neronis
1003 4114 1172 4158 anno
1217 4098 1284 4158 et
1330 4093 1610 4177 gallinae
1652 4114 1892 4171 omneS,
1945 4112 2113 4175 quae
2157 4095 2597 4174 provenerant
2638 4111 2719 4155 ex
2761 4090 2875 4154 illa

491 4206 736 4290 gallina
779 4205 964 4286 alba,
1027 4227 1223 4289 quam
1271 4206 1494 4289 aquila
1540 4206 1693 4270 olim
1737 4205 1960 4269 Liviae
2004 4205 2072 4268 in
2119 4204 2440 4288 gremium
2503 4203 2876 4281 demiserat,

490 4319 881 4383 interierunt
921 4324 987 4384 et
1026 4317 1369 4399 lauretum,
1396 4317 1571 4401 quod
1602 4318 1917 4400 originem
1954 4316 2236 4380 duxerat
2275 4337 2356 4380 ex
2395 4316 2568 4381 lauri
2602 4314 2876 4395 ramulo,

491 4454 683 4519 quem
727 4431 971 4516 gallina
1013 4431 1128 4496 illa
1170 4436 1383 4497 rostro
1428 4435 1763 4509 tenuerat,
1817 4428 1993 4493 unde
2038 4428 2340 4494 Caesaris
2385 4428 2871 4513 triumphantes
