<?xml version="1.0" encoding="UTF-8"?>
<!DOCTYPE html PUBLIC "-//W3C//DTD XHTML 1.0 Transitional//EN"
    "http://www.w3.org/TR/xhtml1/DTD/xhtml1-transitional.dtd">
<html xmlns="http://www.w3.org/1999/xhtml" xml:lang="en" lang="en">
 <head>
  <title>
</title>
<meta http-equiv="Content-Type" content="text/html;charset=utf-8" />
  <meta name='ocr-system' content='tesseract 3.04.00' />
  <meta name='ocr-capabilities' content='ocr_page ocr_carea ocr_par ocr_line ocrx_word'/>
</head>
<body>
  <div class='ocr_page' id='page_1' title='image "./deominibusquaea00wagngoog_0039.png"; bbox 0 0 3167 5067; ppageno 0'>
   <div class='ocr_carea' id='block_1_1' title="bbox 1283 361 1706 425">
    <p class='ocr_par' dir='ltr' id='par_1_1' title="bbox 1283 361 1706 425">
     <span class='ocr_line' id='line_1_1' title="bbox 1283 361 1706 425; baseline 0.002 -17"><span class='ocrx_word' id='word_1_1' title='bbox 1283 361 1706 425; x_wconf 40' lang='lat'>*35-</span> 
     </span>
    </p>
   </div>
   <div class='ocr_carea' id='block_1_2' title="bbox 613 527 2699 1625">
    <p class='ocr_par' dir='ltr' id='par_1_2' title="bbox 613 527 2699 1175">
     <span class='ocr_line' id='line_1_2' title="bbox 615 527 2686 614; baseline 0.001 -19"><span class='ocrx_word' id='word_1_2' title='bbox 615 532 788 596; x_wconf 87' lang='lat' dir='ltr'>haud</span> <span class='ocrx_word' id='word_1_3' title='bbox 834 532 1199 614; x_wconf 82' lang='lat' dir='ltr'>ignorabat.</span> <span class='ocrx_word' id='word_1_4' title='bbox 1291 533 1766 597; x_wconf 78' lang='lat' dir='ltr'>percunctatur</span> <span class='ocrx_word' id='word_1_5' title='bbox 1796 532 2189 610; x_wconf 88' lang='lat' dir='ltr'>sacerdotes,</span> <span class='ocrx_word' id='word_1_6' title='bbox 2236 554 2387 597; x_wconf 91' lang='lat' dir='ltr'>num</span> <span class='ocrx_word' id='word_1_7' title='bbox 2428 529 2540 597; x_wconf 92' lang='lat' dir='ltr'>illo</span> <span class='ocrx_word' id='word_1_8' title='bbox 2582 527 2686 598; x_wconf 90' lang='lat' dir='ltr'>die</span> 
     </span>
     <span class='ocr_line' id='line_1_3' title="bbox 616 643 2699 727; baseline 0.001 -20"><span class='ocrx_word' id='word_1_9' title='bbox 616 644 935 708; x_wconf 80' lang='lat' dir='ltr'>Basilides</span> <span class='ocrx_word' id='word_1_10' title='bbox 961 643 1273 727; x_wconf 89' lang='lat' dir='ltr'>templum</span> <span class='ocrx_word' id='word_1_11' title='bbox 1315 645 1590 710; x_wconf 73' lang='lat' dir='ltr'>inisset?</span> <span class='ocrx_word' id='word_1_12' title='bbox 1635 649 2105 727; x_wconf 83' lang='lat' dir='ltr'>percunctatur</span> <span class='ocrx_word' id='word_1_13' title='bbox 2138 645 2381 725; x_wconf 86' lang='lat' dir='ltr'>obvios,</span> <span class='ocrx_word' id='word_1_14' title='bbox 2421 667 2574 709; x_wconf 91' lang='lat' dir='ltr'>num</span> <span class='ocrx_word' id='word_1_15' title='bbox 2618 645 2699 709; x_wconf 87' lang='lat' dir='ltr'>in·</span> 
     </span>
     <span class='ocr_line' id='line_1_4' title="bbox 613 756 2682 841; baseline 0 -21"><span class='ocrx_word' id='word_1_16' title='bbox 613 756 774 821; x_wconf 89' lang='lat' dir='ltr'>urbe</span> <span class='ocrx_word' id='word_1_17' title='bbox 835 757 1009 820; x_wconf 85' lang='lat' dir='ltr'>visus</span> <span class='ocrx_word' id='word_1_18' title='bbox 1071 757 1202 821; x_wconf 74' lang='lat' dir='ltr'>sit?</span> <span class='ocrx_word' id='word_1_19' title='bbox 1277 756 1584 839; x_wconf 80' lang='lat' dir='ltr'>denique,</span> <span class='ocrx_word' id='word_1_20' title='bbox 1657 756 1871 821; x_wconf 86' lang='lat' dir='ltr'>missis</span> <span class='ocrx_word' id='word_1_21' title='bbox 1933 756 2297 840; x_wconf 76' lang='lat' dir='ltr'>equitibuS‚</span> <span class='ocrx_word' id='word_1_22' title='bbox 2364 757 2682 841; x_wconf 86' lang='lat' dir='ltr'>explorat,</span> 
     </span>
     <span class='ocr_line' id='line_1_5' title="bbox 614 846 2685 952; baseline 0.001 -21"><span class='ocrx_word' id='word_1_23' title='bbox 614 867 725 932; x_wconf 94' lang='lat' dir='ltr'>illo</span> <span class='ocrx_word' id='word_1_24' title='bbox 771 868 1085 951; x_wconf 88' lang='lat' dir='ltr'>temporis</span> <span class='ocrx_word' id='word_1_25' title='bbox 1131 873 1457 933; x_wconf 90' lang='lat' dir='ltr'>momento</span> <span class='ocrx_word' id='word_1_26' title='bbox 1517 869 1850 950; x_wconf 89' lang='lat' dir='ltr'>octoginta</span> <span class='ocrx_word' id='word_1_27' title='bbox 1895 868 2181 932; x_wconf 88' lang='lat' dir='ltr'>millibus</span> <span class='ocrx_word' id='word_1_28' title='bbox 2221 846 2529 952; x_wconf 87' lang='lat' dir='ltr'>passuum</span> <span class='ocrx_word' id='word_1_29' title='bbox 2573 869 2685 934; x_wconf 90' lang='lat' dir='ltr'>ab·</span> 
     </span>
     <span class='ocr_line' id='line_1_6' title="bbox 614 979 2686 1064; baseline -0.001 -20"><span class='ocrx_word' id='word_1_30' title='bbox 614 979 831 1044; x_wconf 86' lang='lat' dir='ltr'>fuisse.</span> <span class='ocrx_word' id='word_1_31' title='bbox 921 980 1102 1044; x_wconf 90' lang='lat' dir='ltr'>Tunc</span> <span class='ocrx_word' id='word_1_32' title='bbox 1146 980 1428 1044; x_wconf 89' lang='lat' dir='ltr'>divinam</span> <span class='ocrx_word' id='word_1_33' title='bbox 1475 979 1758 1063; x_wconf 86' lang='lat' dir='ltr'>speciem</span> <span class='ocrx_word' id='word_1_34' title='bbox 1818 985 1883 1044; x_wconf 87' lang='lat' dir='ltr'>et</span> <span class='ocrx_word' id='word_1_35' title='bbox 1927 980 2054 1044; x_wconf 86' lang='lat' dir='ltr'>vim</span> <span class='ocrx_word' id='word_1_36' title='bbox 2109 981 2404 1064; x_wconf 84' lang='lat' dir='ltr'>responsi</span> <span class='ocrx_word' id='word_1_37' title='bbox 2448 1001 2528 1044; x_wconf 87' lang='lat' dir='ltr'>ex</span> <span class='ocrx_word' id='word_1_38' title='bbox 2573 1002 2686 1044; x_wconf 92' lang='lat' dir='ltr'>no-</span> 
     </span>
     <span class='ocr_line' id='line_1_7' title="bbox 614 1084 1858 1175; baseline 0.002 -21"><span class='ocrx_word' id='word_1_39' title='bbox 614 1093 784 1156; x_wconf 90' lang='lat' dir='ltr'>mine</span> <span class='ocrx_word' id='word_1_40' title='bbox 828 1084 1139 1156; x_wconf 81' lang='lat' dir='ltr'>Basilidis</span> <span class='ocrx_word' id='word_1_41' title='bbox 1177 1093 1647 1175; x_wconf 89' lang='lat' dir='ltr'>interpretatus</span> <span class='ocrx_word' id='word_1_42' title='bbox 1693 1093 1809 1156; x_wconf 86' lang='lat' dir='ltr'>est‘</span> <span class='ocrx_word' id='word_1_43' title='bbox 1815 1092 1858 1173; x_wconf 87' lang='lat'>‘)</span> 
     </span>
    </p>

    <p class='ocr_par' dir='ltr' id='par_1_3' title="bbox 614 1203 2688 1625">
     <span class='ocr_line' id='line_1_8' title="bbox 697 1203 2688 1288; baseline -0.001 -18.97"><span class='ocrx_word' id='word_1_44' title='bbox 697 1204 1116 1284; x_wconf 65' lang='lat' dir='ltr'>„auctoritas</span> <span class='ocrx_word' id='word_1_45' title='bbox 1162 1209 1228 1269; x_wconf 93' lang='lat' dir='ltr'>et</span> <span class='ocrx_word' id='word_1_46' title='bbox 1271 1203 1459 1286; x_wconf 86' lang='lat' dir='ltr'>quasi</span> <span class='ocrx_word' id='word_1_47' title='bbox 1503 1205 1814 1270; x_wconf 83' lang='lat' dir='ltr'>maiestas</span> <span class='ocrx_word' id='word_1_48' title='bbox 1846 1204 2169 1288; x_wconf 87' lang='lat' dir='ltr'>quaedam</span> <span class='ocrx_word' id='word_1_49' title='bbox 2215 1209 2349 1269; x_wconf 88' lang='lat' dir='ltr'>ut.</span> <span class='ocrx_word' id='word_1_50' title='bbox 2374 1254 2389 1269; x_wconf 91' lang='lat'>.</span> <span class='ocrx_word' id='word_1_51' title='bbox 2412 1254 2425 1268; x_wconf 95' lang='lat'>.</span> <span class='ocrx_word' id='word_1_52' title='bbox 2472 1203 2688 1269; x_wconf 88' lang='lat' dir='ltr'>adhuc</span> 
     </span>
     <span class='ocr_line' id='line_1_9' title="bbox 614 1314 2686 1401; baseline 0 -20"><span class='ocrx_word' id='word_1_53' title='bbox 614 1338 779 1381; x_wconf 86' lang='lat' dir='ltr'>novo</span> <span class='ocrx_word' id='word_1_54' title='bbox 813 1315 1372 1401; x_wconf 77' lang='lat' dir='ltr'>principicleerat3</span> <span class='ocrx_word' id='word_1_55' title='bbox 1403 1316 1568 1380; x_wconf 88' lang='lat' dir='ltr'>haec</span> <span class='ocrx_word' id='word_1_56' title='bbox 1599 1337 1857 1399; x_wconf 91' lang='lat' dir='ltr'>quoque</span> <span class='ocrx_word' id='word_1_57' title='bbox 1892 1317 2185 1382; x_wconf 88' lang='lat' dir='ltr'>accessit.</span> <span class='ocrx_word' id='word_1_58' title='bbox 2234 1316 2287 1380; x_wconf 90' lang='lat' dir='ltr'><strong>E</strong></span> <span class='ocrx_word' id='word_1_59' title='bbox 2318 1314 2510 1400; x_wconf 90' lang='lat' dir='ltr'>plebe</span> <span class='ocrx_word' id='word_1_60' title='bbox 2545 1318 2686 1399; x_wconf 91' lang='lat' dir='ltr'>qui-</span> 
     </span>
     <span class='ocr_line' id='line_1_10' title="bbox 616 1428 2686 1507; baseline 0 -14"><span class='ocrx_word' id='word_1_61' title='bbox 616 1431 762 1494; x_wconf 87' lang='lat' dir='ltr'>dam</span> <span class='ocrx_word' id='word_1_62' title='bbox 788 1429 1141 1494; x_wconf 89' lang='lat' dir='ltr'>luminibus</span> <span class='ocrx_word' id='word_1_63' title='bbox 1172 1428 1461 1507; x_wconf 87' lang='lat' dir='ltr'>orbatus,</span> <span class='ocrx_word' id='word_1_64' title='bbox 1506 1429 1664 1493; x_wconf 91' lang='lat' dir='ltr'>item</span> <span class='ocrx_word' id='word_1_65' title='bbox 1694 1429 1862 1493; x_wconf 86' lang='lat' dir='ltr'>alius</span> <span class='ocrx_word' id='word_1_66' title='bbox 1890 1428 2090 1493; x_wconf 87' lang='lat' dir='ltr'>debili</span> <span class='ocrx_word' id='word_1_67' title='bbox 2135 1447 2326 1493; x_wconf 90' lang='lat' dir='ltr'>crure</span> <span class='ocrx_word' id='word_1_68' title='bbox 2355 1428 2686 1494; x_wconf 86' lang='lat' dir='ltr'>sedentem</span> 
     </span>
     <span class='ocr_line' id='line_1_11' title="bbox 616 1539 2688 1625; baseline -0 -20"><span class='ocrx_word' id='word_1_69' title='bbox 616 1562 733 1625; x_wconf 92' lang='lat' dir='ltr'>pro</span> <span class='ocrx_word' id='word_1_70' title='bbox 763 1540 1074 1605; x_wconf 91' lang='lat' dir='ltr'>tribunali</span> <span class='ocrx_word' id='word_1_71' title='bbox 1121 1541 1372 1623; x_wconf 89' lang='lat' dir='ltr'>pariter</span> <span class='ocrx_word' id='word_1_72' title='bbox 1416 1539 1738 1619; x_wconf 83' lang='lat' dir='ltr'>adierunt,</span> <span class='ocrx_word' id='word_1_73' title='bbox 1785 1546 2048 1605; x_wconf 89' lang='lat' dir='ltr'>orantes</span> <span class='ocrx_word' id='word_1_74' title='bbox 2094 1561 2281 1624; x_wconf 90' lang='lat' dir='ltr'>opem</span> <span class='ocrx_word' id='word_1_75' title='bbox 2326 1541 2688 1606; x_wconf 85' lang='lat' dir='ltr'>valetudini</span> 
     </span>
    </p>
   </div>
   <div class='ocr_carea' id='block_1_3' title="bbox 615 1652 2801 1736">
    <p class='ocr_par' dir='ltr' id='par_1_4' title="bbox 615 1652 2801 1736">
     <span class='ocr_line' id='line_1_12' title="bbox 615 1652 2801 1736; baseline 0.001 -20"><span class='ocrx_word' id='word_1_76' title='bbox 615 1653 1125 1718; x_wconf 88' lang='lat' dir='ltr'>demonstratam</span> <span class='ocrx_word' id='word_1_77' title='bbox 1192 1674 1233 1716; x_wconf 88' lang='lat' dir='ltr'>a</span> <span class='ocrx_word' id='word_1_78' title='bbox 1293 1652 1609 1735; x_wconf 87' lang='lat' dir='ltr'>Serapide</span> <span class='ocrx_word' id='word_1_79' title='bbox 1667 1674 1786 1736; x_wconf 85' lang='lat' dir='ltr'>per</span> <span class='ocrx_word' id='word_1_80' title='bbox 1846 1653 2165 1735; x_wconf 87' lang='lat' dir='ltr'>quietem:</span> <span class='ocrx_word' id='word_1_81' title='bbox 2225 1653 2687 1719; x_wconf 88' lang='lat' dir='ltr'>restituturum</span> <span class='ocrx_word' id='word_1_82' title='bbox 2797 1685 2801 1690; x_wconf 83' lang='grc'><em>·</em></span> 
     </span>
    </p>
   </div>
   <div class='ocr_carea' id='block_1_4' title="bbox 616 1764 2692 2072">
    <p class='ocr_par' dir='ltr' id='par_1_5' title="bbox 616 1764 2692 2072">
     <span class='ocr_line' id='line_1_13' title="bbox 619 1764 2692 1848; baseline 0 -19"><span class='ocrx_word' id='word_1_83' title='bbox 619 1765 857 1843; x_wconf 75' lang='grc' dir='ltr'>οοιιὶοε,</span> <span class='ocrx_word' id='word_1_84' title='bbox 894 1766 947 1829; x_wconf 91' lang='lat' dir='ltr'>si</span> <span class='ocrx_word' id='word_1_85' title='bbox 991 1766 1377 1848; x_wconf 84' lang='lat' dir='ltr'>inspuisset3</span> <span class='ocrx_word' id='word_1_86' title='bbox 1424 1764 1958 1829; x_wconf 86' lang='lat' dir='ltr'>confirmaturum</span> <span class='ocrx_word' id='word_1_87' title='bbox 2006 1786 2173 1845; x_wconf 90' lang='lat' dir='ltr'>crus,</span> <span class='ocrx_word' id='word_1_88' title='bbox 2220 1766 2275 1828; x_wconf 89' lang='lat' dir='ltr'>si</span> <span class='ocrx_word' id='word_1_89' title='bbox 2309 1764 2692 1848; x_wconf 87' lang='lat' dir='ltr'>dignaretur</span> 
     </span>
     <span class='ocr_line' id='line_1_14' title="bbox 618 1876 2685 1960; baseline 0 -19"><span class='ocrx_word' id='word_1_90' title='bbox 618 1877 796 1941; x_wconf 90' lang='lat' dir='ltr'>calce</span> <span class='ocrx_word' id='word_1_91' title='bbox 864 1878 1238 1960; x_wconf 89' lang='lat' dir='ltr'>contingere</span> <span class='ocrx_word' id='word_1_92' title='bbox 1451 1876 1870 1941; x_wconf 83' lang='lat' dir='ltr'>hortantibus</span> <span class='ocrx_word' id='word_1_93' title='bbox 1924 1877 2151 1940; x_wconf 87' lang='lat' dir='ltr'>amicis</span> <span class='ocrx_word' id='word_1_94' title='bbox 2198 1926 2211 1941; x_wconf 91' lang='lat'>.</span> <span class='ocrx_word' id='word_1_95' title='bbox 2235 1926 2247 1940; x_wconf 89' lang='lat'>.</span> <span class='ocrx_word' id='word_1_96' title='bbox 2272 1927 2285 1941; x_wconf 95' lang='lat'>.</span> <span class='ocrx_word' id='word_1_97' title='bbox 2334 1882 2685 1960; x_wconf 85' lang='lat' dir='ltr'>utrumque</span> 
     </span>
     <span class='ocr_line' id='line_1_15' title="bbox 616 1988 1748 2072; baseline 0.001 -20"><span class='ocrx_word' id='word_1_98' title='bbox 616 1990 977 2072; x_wconf 83' lang='lat' dir='ltr'>temptavit,</span> <span class='ocrx_word' id='word_1_99' title='bbox 1022 2010 1143 2053; x_wconf 93' lang='lat' dir='ltr'>nec</span> <span class='ocrx_word' id='word_1_100' title='bbox 1186 1994 1454 2054; x_wconf 85' lang='lat' dir='ltr'>eventus</span> <span class='ocrx_word' id='word_1_101' title='bbox 1502 1988 1748 2054; x_wconf 87' lang='lat' dir='ltr'>defuit“</span> 
     </span>
    </p>
   </div>
   <div class='ocr_carea' id='block_1_5' title="bbox 289 2099 2688 2295">
    <p class='ocr_par' dir='ltr' id='par_1_6' title="bbox 289 2099 2688 2295">
     <span class='ocr_line' id='line_1_16' title="bbox 289 2099 2686 2183; baseline 0.001 -21"><span class='ocrx_word' id='word_1_102' title='bbox 289 2101 486 2183; x_wconf 84' lang='lat' dir='ltr'>(Tac.</span> <span class='ocrx_word' id='word_1_103' title='bbox 530 2100 676 2165; x_wconf 90' lang='lat' dir='ltr'>hist.</span> <span class='ocrx_word' id='word_1_104' title='bbox 720 2101 826 2165; x_wconf 90' lang='lat' dir='ltr'>IV.</span> <span class='ocrx_word' id='word_1_105' title='bbox 872 2107 990 2181; x_wconf 80' lang='lat'>813</span> <span class='ocrx_word' id='word_1_106' title='bbox 1047 2101 1312 2166; x_wconf 87' lang='lat' dir='ltr'>Tacitus</span> <span class='ocrx_word' id='word_1_107' title='bbox 1375 2101 1533 2164; x_wconf 91' lang='lat' dir='ltr'>dicit</span> <span class='ocrx_word' id='word_1_108' title='bbox 1576 2100 1706 2164; x_wconf 90' lang='lat' dir='ltr'>illis</span> <span class='ocrx_word' id='word_1_109' title='bbox 1750 2100 2082 2164; x_wconf 86' lang='lat' dir='ltr'>miraculis</span> <span class='ocrx_word' id='word_1_110' title='bbox 2144 2099 2348 2179; x_wconf 85' lang='lat' dir='ltr'>„coeli</span> <span class='ocrx_word' id='word_1_111' title='bbox 2394 2099 2686 2166; x_wconf 86' lang='lat' dir='ltr'>favorem</span> 
     </span>
     <span class='ocr_line' id='line_1_17' title="bbox 291 2203 2688 2295; baseline 0.001 -20"><span class='ocrx_word' id='word_1_112' title='bbox 291 2217 376 2275; x_wconf 84' lang='lat' dir='ltr'>et</span> <span class='ocrx_word' id='word_1_113' title='bbox 419 2211 743 2294; x_wconf 88' lang='lat' dir='ltr'>quandam</span> <span class='ocrx_word' id='word_1_114' title='bbox 807 2213 874 2275; x_wconf 90' lang='lat' dir='ltr'>in</span> <span class='ocrx_word' id='word_1_115' title='bbox 916 2213 1390 2295; x_wconf 87' lang='lat' dir='ltr'>Vespasianum</span> <span class='ocrx_word' id='word_1_116' title='bbox 1451 2211 1938 2276; x_wconf 89' lang='lat' dir='ltr'>inclinationem</span> <span class='ocrx_word' id='word_1_117' title='bbox 1983 2213 2315 2277; x_wconf 90' lang='lat' dir='ltr'>numinum</span> <span class='ocrx_word' id='word_1_118' title='bbox 2363 2203 2688 2277; x_wconf 81' lang='lat' dir='ltr'>ostentam</span> 
     </span>
    </p>
   </div>
   <div class='ocr_carea' id='block_1_6' title="bbox 292 2325 518 2406">
    <p class='ocr_par' dir='ltr' id='par_1_7' title="bbox 292 2325 518 2406">
     <span class='ocr_line' id='line_1_18' title="bbox 292 2325 518 2406; baseline -0.004 -18"><span class='ocrx_word' id='word_1_119' title='bbox 292 2325 518 2406; x_wconf 80' lang='lat' dir='ltr'>esse“)</span> 
     </span>
    </p>
   </div>
   <div class='ocr_carea' id='block_1_7' title="bbox 616 2436 2692 2856">
    <p class='ocr_par' dir='ltr' id='par_1_8' title="bbox 616 2436 2690 2744">
     <span class='ocr_line' id='line_1_19' title="bbox 721 2436 2690 2519; baseline 0.001 -20"><span class='ocrx_word' id='word_1_120' title='bbox 721 2455 875 2519; x_wconf 90' lang='lat' dir='ltr'>„per</span> <span class='ocrx_word' id='word_1_121' title='bbox 926 2436 1096 2500; x_wconf 89' lang='lat' dir='ltr'>idem</span> <span class='ocrx_word' id='word_1_122' title='bbox 1145 2442 1402 2519; x_wconf 89' lang='lat' dir='ltr'>tempus</span> <span class='ocrx_word' id='word_1_123' title='bbox 1445 2437 1701 2519; x_wconf 92' lang='lat' dir='ltr'>Tegeae</span> <span class='ocrx_word' id='word_1_124' title='bbox 1745 2436 1813 2500; x_wconf 90' lang='lat' dir='ltr'>in</span> <span class='ocrx_word' id='word_1_125' title='bbox 1851 2436 2134 2501; x_wconf 84' lang='lat' dir='ltr'>Arcadia</span> <span class='ocrx_word' id='word_1_126' title='bbox 2163 2436 2476 2502; x_wconf 88' lang='lat' dir='ltr'>instinctu</span> <span class='ocrx_word' id='word_1_127' title='bbox 2526 2438 2690 2502; x_wconf 83' lang='lat' dir='ltr'>vati-</span> 
     </span>
     <span class='ocr_line' id='line_1_20' title="bbox 618 2547 2690 2633; baseline 0.001 -22"><span class='ocrx_word' id='word_1_128' title='bbox 618 2549 973 2612; x_wconf 87' lang='lat' dir='ltr'>cinantium</span> <span class='ocrx_word' id='word_1_129' title='bbox 1017 2547 1255 2612; x_wconf 82' lang='lat' dir='ltr'>effossa</span> <span class='ocrx_word' id='word_1_130' title='bbox 1300 2554 1451 2613; x_wconf 90' lang='lat' dir='ltr'>sunt</span> <span class='ocrx_word' id='word_1_131' title='bbox 1483 2554 1745 2613; x_wconf 89' lang='lat' dir='ltr'>sacrato</span> <span class='ocrx_word' id='word_1_132' title='bbox 1791 2548 1935 2611; x_wconf 92' lang='lat' dir='ltr'>loco</span> <span class='ocrx_word' id='word_1_133' title='bbox 1968 2569 2125 2613; x_wconf 86' lang='lat' dir='ltr'>vasa</span> <span class='ocrx_word' id='word_1_134' title='bbox 2171 2549 2388 2633; x_wconf 90' lang='lat' dir='ltr'>operis</span> <span class='ocrx_word' id='word_1_135' title='bbox 2418 2550 2690 2631; x_wconf 82' lang='lat' dir='ltr'>antiqui,</span> 
     </span>
     <span class='ocr_line' id='line_1_21' title="bbox 616 2660 2154 2744; baseline 0.002 -21"><span class='ocrx_word' id='word_1_136' title='bbox 616 2665 815 2742; x_wconf 92' lang='lat' dir='ltr'>atque</span> <span class='ocrx_word' id='word_1_137' title='bbox 859 2662 925 2723; x_wconf 89' lang='lat' dir='ltr'>in</span> <span class='ocrx_word' id='word_1_138' title='bbox 970 2661 1048 2723; x_wconf 90' lang='lat' dir='ltr'>iis</span> <span class='ocrx_word' id='word_1_139' title='bbox 1101 2660 1405 2724; x_wconf 88' lang='lat' dir='ltr'>assimilis</span> <span class='ocrx_word' id='word_1_140' title='bbox 1452 2661 1854 2743; x_wconf 86' lang='lat' dir='ltr'>Vespasiano</span> <span class='ocrx_word' id='word_1_141' title='bbox 1897 2661 2154 2744; x_wconf 85' lang='lat' dir='ltr'>imago“</span> 
     </span>
    </p>

    <p class='ocr_par' dir='ltr' id='par_1_9' title="bbox 721 2771 2692 2856">
     <span class='ocr_line' id='line_1_22' title="bbox 721 2771 2692 2856; baseline 0 -20"><span class='ocrx_word' id='word_1_142' title='bbox 721 2772 895 2836; x_wconf 88' lang='lat' dir='ltr'>Suet.</span> <span class='ocrx_word' id='word_1_143' title='bbox 933 2773 1123 2855; x_wconf 86' lang='lat' dir='ltr'>Vesp.</span> <span class='ocrx_word' id='word_1_144' title='bbox 1160 2778 1259 2836; x_wconf 84' lang='lat'>25.</span> <span class='ocrx_word' id='word_1_145' title='bbox 1352 2771 1633 2850; x_wconf 85' lang='lat' dir='ltr'>„dicitur</span> <span class='ocrx_word' id='word_1_146' title='bbox 1680 2773 1876 2836; x_wconf 90' lang='lat' dir='ltr'>etiam</span> <span class='ocrx_word' id='word_1_147' title='bbox 1927 2774 2165 2837; x_wconf 84' lang='lat' dir='ltr'>vidisse</span> <span class='ocrx_word' id='word_1_148' title='bbox 2200 2773 2525 2855; x_wconf 86' lang='lat' dir='ltr'>quondam</span> <span class='ocrx_word' id='word_1_149' title='bbox 2572 2792 2692 2856; x_wconf 92' lang='lat' dir='ltr'>per</span> 
     </span>
    </p>
   </div>
   <div class='ocr_carea' id='block_1_8' title="bbox 498 2881 2687 2968">
    <p class='ocr_par' dir='ltr' id='par_1_10' title="bbox 498 2881 2687 2968">
     <span class='ocr_line' id='line_1_23' title="bbox 498 2881 2687 2968; baseline 0 -20"><span class='ocrx_word' id='word_1_150' title='bbox 498 2903 501 2906; x_wconf 73' lang='grc'>’</span> <span class='ocrx_word' id='word_1_151' title='bbox 615 2885 897 2967; x_wconf 86' lang='lat' dir='ltr'>quietem</span> <span class='ocrx_word' id='word_1_152' title='bbox 960 2890 1274 2948; x_wconf 86' lang='lat' dir='ltr'>stateram</span> <span class='ocrx_word' id='word_1_153' title='bbox 1337 2884 1554 2948; x_wconf 87' lang='lat' dir='ltr'>media</span> <span class='ocrx_word' id='word_1_154' title='bbox 1596 2890 1786 2968; x_wconf 87' lang='lat' dir='ltr'>parte</span> <span class='ocrx_word' id='word_1_155' title='bbox 1840 2885 2144 2949; x_wconf 88' lang='lat' dir='ltr'>vestibuli</span> <span class='ocrx_word' id='word_1_156' title='bbox 2191 2881 2528 2949; x_wconf 88' lang='lat' dir='ltr'>Palatinae</span> <span class='ocrx_word' id='word_1_157' title='bbox 2574 2885 2687 2948; x_wconf 87' lang='lat' dir='ltr'>do-</span> 
     </span>
    </p>
   </div>
   <div class='ocr_carea' id='block_1_9' title="bbox 529 2995 2692 3753">
    <p class='ocr_par' dir='ltr' id='par_1_11' title="bbox 529 2995 2690 3310">
     <span class='ocr_line' id='line_1_24' title="bbox 529 2995 2689 3080; baseline 0 -20"><span class='ocrx_word' id='word_1_158' title='bbox 529 3032 534 3036; x_wconf 94' lang='lat'>·</span> <span class='ocrx_word' id='word_1_159' title='bbox 617 3019 758 3061; x_wconf 92' lang='lat' dir='ltr'>mus</span> <span class='ocrx_word' id='word_1_160' title='bbox 802 2997 1081 3080; x_wconf 90' lang='lat' dir='ltr'>positam</span> <span class='ocrx_word' id='word_1_161' title='bbox 1129 2996 1426 3059; x_wconf 86' lang='lat' dir='ltr'>examine</span> <span class='ocrx_word' id='word_1_162' title='bbox 1458 3016 1688 3079; x_wconf 88' lang='lat' dir='ltr'>aequo,</span> <span class='ocrx_word' id='word_1_163' title='bbox 1737 3017 1882 3060; x_wconf 91' lang='lat' dir='ltr'>cum</span> <span class='ocrx_word' id='word_1_164' title='bbox 1927 2997 1993 3060; x_wconf 90' lang='lat' dir='ltr'>in</span> <span class='ocrx_word' id='word_1_165' title='bbox 2038 2997 2250 3061; x_wconf 84' lang='lat' dir='ltr'>altera</span> <span class='ocrx_word' id='word_1_166' title='bbox 2281 2995 2466 3061; x_wconf 91' lang='lat' dir='ltr'>lance</span> <span class='ocrx_word' id='word_1_167' title='bbox 2500 2996 2689 3062; x_wconf 89' lang='lat' dir='ltr'>Clau-</span> 
     </span>
     <span class='ocr_line' id='line_1_25' title="bbox 617 3107 2690 3192; baseline -0 -19"><span class='ocrx_word' id='word_1_168' title='bbox 617 3110 762 3173; x_wconf 89' lang='lat' dir='ltr'>dius</span> <span class='ocrx_word' id='word_1_169' title='bbox 825 3114 890 3172; x_wconf 93' lang='lat' dir='ltr'>et</span> <span class='ocrx_word' id='word_1_170' title='bbox 948 3109 1122 3173; x_wconf 93' lang='lat' dir='ltr'>Nero</span> <span class='ocrx_word' id='word_1_171' title='bbox 1183 3114 1463 3188; x_wconf 82' lang='lat' dir='ltr'>starent,</span> <span class='ocrx_word' id='word_1_172' title='bbox 1522 3110 1589 3173; x_wconf 89' lang='lat' dir='ltr'>in</span> <span class='ocrx_word' id='word_1_173' title='bbox 1636 3107 1846 3173; x_wconf 88' lang='lat' dir='ltr'>altera</span> <span class='ocrx_word' id='word_1_174' title='bbox 1905 3110 2045 3192; x_wconf 90' lang='lat' dir='ltr'>ipse</span> <span class='ocrx_word' id='word_1_175' title='bbox 2092 3129 2170 3172; x_wconf 88' lang='lat' dir='ltr'>ac</span> <span class='ocrx_word' id='word_1_176' title='bbox 2229 3108 2348 3173; x_wconf 88' lang='lat' dir='ltr'>filii</span> <span class='ocrx_word' id='word_1_177' title='bbox 2406 3130 2526 3172; x_wconf 91' lang='lat' dir='ltr'>nec</span> <span class='ocrx_word' id='word_1_178' title='bbox 2585 3130 2690 3173; x_wconf 87' lang='lat' dir='ltr'>res</span> 
     </span>
     <span class='ocr_line' id='line_1_26' title="bbox 616 3220 2690 3310; baseline 0 -25"><span class='ocrx_word' id='word_1_179' title='bbox 616 3220 866 3300; x_wconf 86' lang='lat' dir='ltr'>fefellit,</span> <span class='ocrx_word' id='word_1_180' title='bbox 914 3221 1175 3303; x_wconf 87' lang='lat' dir='ltr'>quando</span> <span class='ocrx_word' id='word_1_181' title='bbox 1209 3221 1701 3310; x_wconf 21' lang='lat' dir='ltr'>totidem-annis</span> <span class='ocrx_word' id='word_1_182' title='bbox 1742 3271 1754 3284; x_wconf 92' lang='lat'>.</span> <span class='ocrx_word' id='word_1_183' title='bbox 1786 3271 1798 3284; x_wconf 92' lang='lat'>.</span> <span class='ocrx_word' id='word_1_184' title='bbox 1829 3271 1841 3284; x_wconf 92' lang='lat'>.</span> <span class='ocrx_word' id='word_1_185' title='bbox 1875 3222 2137 3303; x_wconf 91' lang='lat' dir='ltr'>utrique</span> <span class='ocrx_word' id='word_1_186' title='bbox 2168 3221 2690 3303; x_wconf 84' lang='lat' dir='ltr'>imperaverunt“</span> 
     </span>
    </p>

    <p class='ocr_par' dir='ltr' id='par_1_12' title="bbox 616 3332 2692 3753">
     <span class='ocr_line' id='line_1_27' title="bbox 721 3332 2691 3416; baseline -0.001 -19"><span class='ocrx_word' id='word_1_187' title='bbox 721 3333 871 3397; x_wconf 90' lang='lat' dir='ltr'>Tac.</span> <span class='ocrx_word' id='word_1_188' title='bbox 919 3334 1068 3397; x_wconf 90' lang='lat' dir='ltr'>hist.</span> <span class='ocrx_word' id='word_1_189' title='bbox 1118 3333 1195 3397; x_wconf 92' lang='grc' dir='ltr'>ΙΙ.</span> <span class='ocrx_word' id='word_1_190' title='bbox 1245 3339 1344 3397; x_wconf 86' lang='grc'>78.</span> <span class='ocrx_word' id='word_1_191' title='bbox 1435 3333 1588 3413; x_wconf 83' lang='lat' dir='ltr'>„sed</span> <span class='ocrx_word' id='word_1_192' title='bbox 1647 3333 1857 3416; x_wconf 88' lang='lat' dir='ltr'>primo</span> <span class='ocrx_word' id='word_1_193' title='bbox 1917 3332 2341 3416; x_wconf 86' lang='lat' dir='ltr'>triumphalia</span> <span class='ocrx_word' id='word_1_194' title='bbox 2402 3337 2468 3397; x_wconf 86' lang='lat' dir='ltr'>et</span> <span class='ocrx_word' id='word_1_195' title='bbox 2537 3354 2691 3396; x_wconf 90' lang='lat' dir='ltr'>con-</span> 
     </span>
     <span class='ocr_line' id='line_1_28' title="bbox 617 3423 2692 3528; baseline 0 -19"><span class='ocrx_word' id='word_1_196' title='bbox 617 3446 904 3526; x_wconf 88' lang='lat' dir='ltr'>sulatus,</span> <span class='ocrx_word' id='word_1_197' title='bbox 968 3451 1034 3510; x_wconf 93' lang='lat' dir='ltr'>et</span> <span class='ocrx_word' id='word_1_198' title='bbox 1095 3445 1402 3510; x_wconf 89' lang='lat' dir='ltr'>Iudaicae</span> <span class='ocrx_word' id='word_1_199' title='bbox 1462 3423 1775 3510; x_wconf 86' lang='lat' dir='ltr'>victoriae</span> <span class='ocrx_word' id='word_1_200' title='bbox 1830 3445 2064 3526; x_wconf 87' lang='lat' dir='ltr'>decus,</span> <span class='ocrx_word' id='word_1_201' title='bbox 2127 3444 2432 3528; x_wconf 89' lang='lat' dir='ltr'>implesse</span> <span class='ocrx_word' id='word_1_202' title='bbox 2495 3445 2692 3510; x_wconf 89' lang='lat' dir='ltr'>fidem</span> 
     </span>
     <span class='ocr_line' id='line_1_29' title="bbox 616 3557 2692 3641; baseline 0 -20"><span class='ocrx_word' id='word_1_203' title='bbox 616 3558 848 3622; x_wconf 89' lang='lat' dir='ltr'>ominis</span> <span class='ocrx_word' id='word_1_204' title='bbox 894 3557 1313 3622; x_wconf 82' lang='lat' dir='ltr'>videbantur:</span> <span class='ocrx_word' id='word_1_205' title='bbox 1368 3563 1443 3622; x_wconf 93' lang='lat' dir='ltr'>ut</span> <span class='ocrx_word' id='word_1_206' title='bbox 1484 3558 1649 3621; x_wconf 88' lang='lat' dir='ltr'>haec</span> <span class='ocrx_word' id='word_1_207' title='bbox 1694 3557 1972 3641; x_wconf 89' lang='lat' dir='ltr'>adeptus</span> <span class='ocrx_word' id='word_1_208' title='bbox 2015 3563 2146 3637; x_wconf 84' lang='lat' dir='ltr'>est,</span> <span class='ocrx_word' id='word_1_209' title='bbox 2203 3557 2507 3641; x_wconf 84' lang='lat' dir='ltr'>portendi</span> <span class='ocrx_word' id='word_1_210' title='bbox 2568 3558 2692 3623; x_wconf 89' lang='lat' dir='ltr'>sibi</span> 
     </span>
     <span class='ocr_line' id='line_1_30' title="bbox 617 3669 1354 3753; baseline 0.001 -20"><span class='ocrx_word' id='word_1_211' title='bbox 617 3670 960 3753; x_wconf 90' lang='lat' dir='ltr'>imperium</span> <span class='ocrx_word' id='word_1_212' title='bbox 1007 3669 1354 3734; x_wconf 85' lang='lat' dir='ltr'>credebat“</span> 
     </span>
    </p>
   </div>
   <div class='ocr_carea' id='block_1_10' title="bbox 198 3781 2691 4426">
    <p class='ocr_par' dir='ltr' id='par_1_13' title="bbox 289 3781 2691 4203">
     <span class='ocr_line' id='line_1_31' title="bbox 513 3781 2689 3865; baseline 0 -19"><span class='ocrx_word' id='word_1_213' title='bbox 513 3784 695 3860; x_wconf 82' lang='lat' dir='ltr'>Quae</span> <span class='ocrx_word' id='word_1_214' title='bbox 742 3781 918 3865; x_wconf 89' lang='lat' dir='ltr'>apud</span> <span class='ocrx_word' id='word_1_215' title='bbox 967 3781 1238 3846; x_wconf 91' lang='lat' dir='ltr'>Dionem</span> <span class='ocrx_word' id='word_1_216' title='bbox 1287 3781 1701 3846; x_wconf 85' lang='lat' dir='ltr'>inveniantur</span> <span class='ocrx_word' id='word_1_217' title='bbox 1745 3781 1987 3860; x_wconf 86' lang='lat' dir='ltr'>omina,</span> <span class='ocrx_word' id='word_1_218' title='bbox 2052 3781 2184 3845; x_wconf 93' lang='lat' dir='ltr'>iam</span> <span class='ocrx_word' id='word_1_219' title='bbox 2226 3801 2689 3846; x_wconf 87' lang='lat' dir='ltr'>commemora-</span> 
     </span>
     <span class='ocr_line' id='line_1_32' title="bbox 290 3892 2690 3976; baseline -0 -16"><span class='ocrx_word' id='word_1_220' title='bbox 290 3898 531 3973; x_wconf 82' lang='lat' dir='ltr'>vimus,</span> <span class='ocrx_word' id='word_1_221' title='bbox 579 3894 1016 3958; x_wconf 88' lang='lat' dir='ltr'>adiiciendum</span> <span class='ocrx_word' id='word_1_222' title='bbox 1061 3898 1161 3958; x_wconf 89' lang='lat' dir='ltr'>est</span> <span class='ocrx_word' id='word_1_223' title='bbox 1196 3892 1355 3957; x_wconf 93' lang='lat' dir='ltr'>illud</span> <span class='ocrx_word' id='word_1_224' title='bbox 1388 3893 1777 3976; x_wconf 85' lang='lat' dir='ltr'>prodigium,</span> <span class='ocrx_word' id='word_1_225' title='bbox 1826 3893 1999 3976; x_wconf 86' lang='lat' dir='ltr'>quod</span> <span class='ocrx_word' id='word_1_226' title='bbox 2031 3894 2293 3959; x_wconf 92' lang='lat' dir='ltr'>Vitellio</span> <span class='ocrx_word' id='word_1_227' title='bbox 2336 3894 2690 3973; x_wconf 87' lang='lat' dir='ltr'>interitum,</span> 
     </span>
     <span class='ocr_line' id='line_1_33' title="bbox 290 4005 2691 4092; baseline -0.002 -19"><span class='ocrx_word' id='word_1_228' title='bbox 290 4007 709 4092; x_wconf 84' lang='lat' dir='ltr'>Vespasiano</span> <span class='ocrx_word' id='word_1_229' title='bbox 741 4006 1087 4089; x_wconf 89' lang='lat' dir='ltr'>imperium</span> <span class='ocrx_word' id='word_1_230' title='bbox 1125 4005 1469 4070; x_wconf 89' lang='lat' dir='ltr'>ostendere</span> <span class='ocrx_word' id='word_1_231' title='bbox 1503 4006 1869 4087; x_wconf 88' lang='lat' dir='ltr'>videbatur,</span> <span class='ocrx_word' id='word_1_232' title='bbox 1915 4006 2062 4071; x_wconf 92' lang='lat' dir='ltr'>dico</span> <span class='ocrx_word' id='word_1_233' title='bbox 2100 4005 2262 4070; x_wconf 86' lang='lat' dir='ltr'>duos</span> <span class='ocrx_word' id='word_1_234' title='bbox 2297 4006 2468 4071; x_wconf 88' lang='lat' dir='ltr'>soles</span> <span class='ocrx_word' id='word_1_235' title='bbox 2500 4007 2691 4071; x_wconf 91' lang='lat' dir='ltr'>simul</span> 
     </span>
     <span class='ocr_line' id='line_1_34' title="bbox 289 4117 2324 4203; baseline -0.001 -18"><span class='ocrx_word' id='word_1_236' title='bbox 289 4121 475 4185; x_wconf 91' lang='lat' dir='ltr'>visos</span> <span class='ocrx_word' id='word_1_237' title='bbox 519 4119 673 4202; x_wconf 93' lang='lat' dir='ltr'>(Dio</span> <span class='ocrx_word' id='word_1_238' title='bbox 722 4118 836 4201; x_wconf 86' lang='lat' dir='ltr'>Ep.</span> <span class='ocrx_word' id='word_1_239' title='bbox 884 4117 1073 4182; x_wconf 88' lang='lat' dir='ltr'>LXV.</span> <span class='ocrx_word' id='word_1_240' title='bbox 1120 4124 1178 4182; x_wconf 85' lang='grc'>8.</span> <span class='ocrx_word' id='word_1_241' title='bbox 1232 4124 1299 4198; x_wconf 85' lang='grc'>1;</span> <span class='ocrx_word' id='word_1_242' title='bbox 1346 4118 1499 4182; x_wconf 90' lang='lat' dir='ltr'>Zon.</span> <span class='ocrx_word' id='word_1_243' title='bbox 1546 4118 1656 4182; x_wconf 89' lang='lat' dir='ltr'>XI.</span> <span class='ocrx_word' id='word_1_244' title='bbox 1709 4124 1823 4198; x_wconf 79' lang='lat'>163</span> <span class='ocrx_word' id='word_1_245' title='bbox 1871 4118 1948 4182; x_wconf 89' lang='lat' dir='ltr'>cf.</span> <span class='ocrx_word' id='word_1_246' title='bbox 1995 4139 2143 4201; x_wconf 86' lang='lat' dir='ltr'>pag.</span> <span class='ocrx_word' id='word_1_247' title='bbox 2193 4121 2324 4203; x_wconf 86' lang='lat'>32).</span> 
     </span>
    </p>

    <p class='ocr_par' dir='ltr' id='par_1_14' title="bbox 510 4230 2688 4314">
     <span class='ocr_line' id='line_1_35' title="bbox 510 4230 2688 4314; baseline -0 -19"><span class='ocrx_word' id='word_1_248' title='bbox 510 4232 670 4295; x_wconf 84' lang='lat' dir='ltr'>Cum</span> <span class='ocrx_word' id='word_1_249' title='bbox 714 4230 1042 4314; x_wconf 90' lang='lat' dir='ltr'>permulta</span> <span class='ocrx_word' id='word_1_250' title='bbox 1086 4230 1303 4294; x_wconf 88' lang='lat' dir='ltr'>omina</span> <span class='ocrx_word' id='word_1_251' title='bbox 1347 4230 1551 4296; x_wconf 86' lang='lat' dir='ltr'>futuri</span> <span class='ocrx_word' id='word_1_252' title='bbox 1618 4231 1875 4313; x_wconf 84' lang='lat' dir='ltr'>imperii</span> <span class='ocrx_word' id='word_1_253' title='bbox 1930 4230 2179 4294; x_wconf 87' lang='lat' dir='ltr'>tradita</span> <span class='ocrx_word' id='word_1_254' title='bbox 2240 4231 2398 4308; x_wconf 85' lang='lat' dir='ltr'>sint,</span> <span class='ocrx_word' id='word_1_255' title='bbox 2471 4230 2688 4295; x_wconf 87' lang='lat' dir='ltr'>admo-</span> 
     </span>
    </p>

    <p class='ocr_par' dir='ltr' id='par_1_15' title="bbox 198 4342 1761 4426">
     <span class='ocr_line' id='line_1_36' title="bbox 198 4342 1761 4426; baseline -0.004 -15"><span class='ocrx_word' id='word_1_256' title='bbox 198 4361 203 4367; x_wconf 88' lang='grc'><strong>’</strong></span> <span class='ocrx_word' id='word_1_257' title='bbox 285 4347 454 4411; x_wconf 88' lang='lat' dir='ltr'>dum</span> <span class='ocrx_word' id='word_1_258' title='bbox 503 4363 717 4426; x_wconf 87' lang='lat' dir='ltr'>pauca</span> <span class='ocrx_word' id='word_1_259' title='bbox 762 4348 1080 4407; x_wconf 87' lang='lat' dir='ltr'>occurunt</span> <span class='ocrx_word' id='word_1_260' title='bbox 1122 4345 1471 4424; x_wconf 87' lang='lat' dir='ltr'>praesagia</span> <span class='ocrx_word' id='word_1_261' title='bbox 1513 4342 1761 4405; x_wconf 63' lang='lat' dir='ltr'>mortis„</span> 
     </span>
    </p>
   </div>
   <div class='ocr_carea' id='block_1_11' title="bbox 2174 4555 2256 4609">
    <p class='ocr_par' dir='ltr' id='par_1_16' title="bbox 2174 4555 2256 4609">
     <span class='ocr_line' id='line_1_37' title="bbox 2174 4555 2256 4609; baseline 0 -22"><span class='ocrx_word' id='word_1_262' title='bbox 2174 4555 2256 4609; x_wconf 73' lang='lat'>3*</span> 
     </span>
    </p>
   </div>
  </div>
 </body>
</html>
