3167 5067
1184 352 1617 413 ..67-

626 522 738 587 καὶ
780 530 1007 606 χοῖρος
1061 524 1389 605 χοιρίδιον
1437 510 1571 588 ὦτα
1630 520 1915 606 τέσσαρα
1970 522 2083 588 καὶ
2126 519 2426 605 γλώσσας
2472 517 2598 588 δύο

525 629 735 712 πόδας
778 658 848 700 τε
897 631 1058 701 ὀκτᾶ
1118 633 1271 718 ἔχον
1313 633 1536 700 ἔτεκεν
1809 610 1829 632 ⁸

52 747 57 820 Ι
626 745 737 811 καὶ
782 742 1045 830 σεισμὸς
1088 743 1359 830 ἰσχυρὸς
1403 744 1665 830 ἐγένετο

627 851 789 942 αἷμά
831 882 899 923 τε
942 856 1015 923 ἐκ
1059 863 1358 942 σωλῆνος
1398 853 1605 942 ἐρρύη

52 927 55 1108 f
624 969 736 1036 καὶ
794 968 1093 1053 μέλισσαι
1156 972 1355 1055 κηρία
1428 967 1502 1034 ἐν
1569 976 1655 1056 τῇ
1729 964 1945 1057 ἀγορᾷ
2003 976 2085 1056 τῇ
2161 972 2402 1058 βοαρίᾳ
2467 969 2603 1036 ἐνέ-

523 1087 786 1147 πλασαν

625 1192 710 1256 ib.
760 1197 860 1258 25.
904 1197 960 1256 2.
1010 1197 1066 1257 3.
1152 1191 1231 1260 τό
1289 1217 1359 1259 τε
1406 1192 1702 1277 θέατρον
1757 1189 1836 1260 τὸ
1879 1190 2324 1279 κυνηγετικὸν
2365 1219 2599 1278 κεραυ-

523 1314 667 1384 νοῖς
718 1304 792 1372 ἐν
855 1301 1027 1393 αὐτῇ
1086 1312 1169 1393 τῇ
1234 1313 1375 1372 τῶν
1417 1302 1871 1390 Ἡφαιστείων
1931 1301 2140 1394 ἡμέρᾳ
2191 1306 2445 1391 βληθὲν

522 1416 944 1503 κατεφλέχθη
1140 1412 1297 1484 οὐδὲ
1347 1416 1703 1501 ἐπαρκέσαι
1764 1413 1953 1502 αὐτῷ
1995 1411 2149 1483 οὔτε
2195 1411 2598 1504 ἀνθρωπίνη

524 1528 872 1614 ἐπικουρία
951 1581 964 1594 .
996 1580 1009 1594 .
1038 1582 1051 1595 .
1107 1524 1246 1595 οὔθ
1292 1525 1334 1615 ἥ
1393 1537 1518 1596 τοῦ
1581 1524 1910 1614 οὐρανίου
1956 1529 2260 1613 ἐπίρροια
2321 1532 2593 1614 πλείστη

522 1665 592 1707 τε
635 1641 749 1707 καὶ
796 1638 1227 1726 σφοδροτάτη
1272 1640 1599 1727 γενομένη
1645 1639 1959 1727 ἠδυνήθη

627 1750 1009 1838 ἐνεπρήσθη
1052 1753 1176 1838 μὲν
1223 1751 1350 1838 γὰρ
1402 1752 1514 1819 καὶ
1558 1748 1723 1819 ἅλλα
1766 1753 1949 1833 τινά,
2010 1752 2122 1820 καὶ
2167 1761 2309 1820 τῶν
2352 1757 2596 1840 βασιλι-

522 1873 665 1932 κῶν
707 1862 1063 1951 κτημάτων
1105 1864 1422 1950 μάλιστα,
1482 1865 1556 1931 ἐν
1614 1872 1697 1952 τῇ
1756 1860 1925 1953 ἀρχῇ
1985 1860 2196 1931 αὐτοΐ
2262 1864 2595 1946 πολλάκις,

522 1973 683 2061 ὅπερ
730 2000 865 2044 που
904 1977 1016 2044 καὶ
1060 1972 1228 2044 αὐτὸ
1271 1976 1560 2056 ἐξαίσιον
1604 1972 1709 2043 άεί
1751 1999 1910 2043 ποτε
1957 1973 2341 2062 νενόμισται

622 2087 710 2153 ib.
773 2093 872 2154 25.
934 2095 991 2154 5.
1107 2089 1222 2155 καὶ
1279 2084 1382 2156 ὅτι
1442 2086 1478 2156 ὁ
1549 2091 1811 2175 Τίβερις
1870 2087 1944 2155 ἐν
2000 2095 2082 2175 τῇ
2141 2084 2313 2175 αὐτῇ
2375 2088 2597 2176 ἐκείνῃ

522 2198 731 2292 ἡμέρᾳ
791 2197 1141 2287 πληθύσας
1202 2199 1267 2279 ἔς
1334 2225 1405 2266 τε
1482 2197 1610 2286 τὴν
1663 2195 1921 2285 ἀγορὰν
1977 2200 2090 2267 καὶ
2150 2197 2216 2278 ἐς
2275 2198 2393 2279 τὰς
2450 2201 2601 2287 περὶ

522 2308 739 2398 αὐτὴν
792 2308 992 2392 ὁδοὺς
1051 2309 1346 2398 τοσαύτῃ
1381 2310 1559 2398 ῥύμῃ
1605 2311 1915 2397 ἐσέβαλεν
1965 2307 2128 2379 ὥστε
2171 2312 2285 2378 καὶ
2331 2307 2596 2397 ἀνθρώ

521 2448 692 2504 πους
736 2433 1204 2512 παρασυρῆναι

624 2534 802 2623 γυνή
859 2536 928 2603 τέ
983 2562 1083 2616 τις
1143 2588 1156 2602 .
1184 2589 1197 2603 .
1227 2589 1240 2603 .
1306 2532 1603 2621 βλοσυρὰ
1679 2536 1792 2602 καὶ
1865 2532 2236 2621 ὑπέρογκος
2307 2531 2601 2622 ὀφθεῖσά

520 2665 697 2716 τισιν
740 2648 871 2735 ἔφη
919 2645 1021 2715 ὅτι
1064 2645 1367 2732 ἐλάχιστα
1410 2655 1622 2714 ταῦτα
1668 2644 1833 2730 πρὸς
1876 2645 1958 2713 τὰ
2002 2646 2327 2733 μέλλοντα
2369 2642 2602 2727 αὐτοῖς

520 2758 984 2848 συμβήσεσθαί
1033 2760 1229 2826 ἐστιν.

417 2872 745 2955 Prodigia,
791 2892 959 2955 quae
1005 2871 1220 2935 adhuc
1263 2870 1674 2950 adduximuS,
1722 2871 1791 2933 in
1825 2891 2048 2935 eorum
2084 2891 2354 2936 numero
2401 2871 2599 2937 collo-

225 2985 535 3063 cavimuS,
599 2982 836 3066 quibus
881 2983 1158 3047 Macrini
1201 2983 1504 3048 interitus
1566 2982 1971 3064 significatus
2017 2983 2135 3062 sit,
2199 2983 2314 3047 sed
2376 3003 2600 3048 eorum

224 3118 372 3180 pars
417 3097 502 3161 ad
550 3095 683 3159 alia
727 3094 919 3160 simul
962 3099 1262 3178 spectare
1304 3094 1579 3159 videtur.
1668 3093 1976 3159 Incendia
2022 3095 2190 3158 enim
2233 3099 2300 3158 et
2344 3094 2599 3160 Tiberis

221 3208 701 3274 inundationem
744 3212 810 3273 et
852 3206 1191 3271 mulierem
1235 3206 1696 3290 vaticinantem
1752 3226 1880 3271 non
1924 3205 2119 3270 modo
2166 3204 2442 3270 Macrini
2488 3228 2599 3272 ne-

225 3341 354 3386 cem
398 3320 514 3386 sed
571 3320 830 3384 omnino
888 3319 986 3384 rei
1042 3317 1346 3402 publicae
1404 3318 1968 3401 perturbationem
1987 3368 2002 3398 ,
2071 3338 2239 3400 quae
2304 3318 2602 3384 insecuta

225 3439 349 3512 est,
409 3432 554 3497 dieo
614 3431 788 3496 bella
851 3452 998 3496 oum
1056 3429 1361 3496 barbaris
1408 3436 1595 3513 gesta
1657 3436 1725 3495 et
1784 3429 1961 3495 bella
2018 3429 2376 3495 domestica·
2419 3431 2591 3497 inter

224 3543 578 3609 Macrinum
640 3549 706 3608 et
767 3542 1232 3626 Elagabalum,
1297 3543 1795 3627 praenuntiasse
1856 3543 2273 3625 perspicuum
2336 3548 2436 3608 est
2491 3544 2599 3627 (cf.

225 3655 339 3719 Dio
383 3656 500 3739 Ep.
545 3654 894 3719 LXXVIII.
957 3660 1055 3720 26.
1104 3661 1156 3719 1.
1245 3657 1358 3723 καὶ
1421 3655 1609 3741 ἔσχεν
1655 3652 1907 3734 οὕτως·
1970 3650 2129 3722 οὐδὲ
2194 3655 2321 3741 γὰρ
2386 3656 2460 3723 ἐν
2517 3665 2600 3745 τῇ

132 3746 145 3760 ’
225 3767 401 3834 πόλει
446 3768 619 3855 μόνῃ
663 3765 742 3835 τὸ
788 3765 1016 3835 δεινὸν
1061 3767 1338 3853 ἔμεινεν,
1384 3763 1550 3834 ἀλλὰ
1597 3776 1819 3834 πᾶσαν
1862 3764 1990 3853 τὴν
2036 3766 2441 3853 οἰκουμένην
2486 3764 2600 3836 αὐ-

226 3887 352 3964 τῆς,
395 3876 506 3965 ὑφ’
560 3870 636 3967 ἧς
678 3878 755 3948 τὸ
799 3879 1094 3965 θέατρον
1135 3875 1240 3946 άεί
1283 3903 1443 3947 ποτε
1489 3879 1885 3966 ἐπληροῦτο,
1928 3878 2243 3964 ἐπέσχεν).

421 3992 775 4057 Praeterea
816 3990 984 4056 haec
1028 3991 1420 4056 exstiterunt
1464 3992 1653 4075 signa
1695 3991 1955 4056 mortis:

624 4104 711 4169 ib.
762 4109 860 4169 37.
908 4112 964 4170 5.
1054 4104 1128 4171 ἐν
1170 4103 1297 4190 γὰρ
1344 4102 1429 4191 δὴ
1471 4112 1554 4192 τῇ
1601 4100 1809 4195 ἡμέρᾳ
1839 4104 2058 4190 ἐκείνῃ
2104 4103 2179 4170 ἐν
2226 4093 2268 4192 ᾖ
2313 4102 2394 4170 τὰ
2427 4112 2601 4189 πρῶ-

524 4241 606 4283 τα
648 4214 865 4284 αὐτοῦ
923 4218 1074 4301 περὶ
1129 4225 1246 4302 τῆς
1286 4213 1491 4303 ἀρχῆς
1548 4213 1902 4303 γράμματα
1962 4212 2122 4302 ἡμῖν
2179 4214 2602 4303 ἀνεγνώσθη,

526 4327 877 4414 περιστερά
925 4353 1025 4407 τις
1069 4329 1175 4395 έπὶ
1223 4329 1450 4397 εἰκόνα
1481 4327 1859 4414 Σεουήρου,
1904 4316 1990 4395 οὗ
2030 4325 2109 4395 τὸ
2143 4324 2354 4413 ὄνομα
2400 4324 2603 4408 αὐτὸς

527 4441 743 4531 ἑαυτῷ
788 4441 1104 4520 ἐτέθειτο,
1151 4439 1225 4507 ἐν
1268 4451 1360 4527 τῷ
1409 4444 1739 4531 συνεδρίῳ
1791 4437 2235 4526 ἀνακειμένην
2275 4439 2601 4508 ἐπέπτατο

2108 4542 2185 4596 5*
