3167 5067
1352 362 1786 426 ...29-

684 550 812 592 non
857 528 1046 612 longe
1110 550 1526 612 percussores
1592 531 1859 595 abesse“
1920 531 2072 613 (Dio
2119 530 2341 596 LXIV.
2389 537 2443 596 5.
2492 536 2561 611 33
2607 531 2758 596 Zon.

683 640 793 705 XI.
848 648 954 723 143
1004 642 1171 707 Plut.
1221 642 1436 707 Galba
1481 642 1741 727 XXIV).

580 753 736 817 Cum
800 754 1013 820 Galba
1071 754 1298 819 urbem
1359 755 1845 837 ingrederetur,
1904 753 2093 820 multi
2152 755 2370 820 necati
2422 759 2604 833 sunt,
2679 754 2759 818 de

351 885 500 946 qua
548 886 621 928 re
661 865 835 949 apud
864 865 1304 944 Plutarchum,
1354 866 1568 931 Galba
1605 867 1757 946 XV,
1802 867 2108 950 legimus:

786 981 853 1044 οἱ
891 979 1014 1064 μὲν
1205 976 1676 1064 διεφθάρησαν
1721 977 1806 1047 οὐ
1833 976 2122 1065 χρηστὸν
2159 974 2299 1046 οὐδ’
2351 982 2571 1045 αἴσιον
2616 1003 2759 1076 ποι-

681 1097 916 1169 οῦντες
960 1098 1055 1180 τῷ
1099 1088 1327 1180 Γάλβᾳ
1371 1089 1492 1157 τὸν
1521 1089 1773 1158 οἰωνὸν
1805 1090 2077 1159 εἰσιόντι.
2110 1089 2219 1158 διὰ
2248 1098 2502 1159 πολλοῦ
2535 1089 2758 1175 φόνου

679 1204 790 1269 καὶ
844 1211 1106 1287 νεκρῶν
1150 1202 1498 1270 τοσούτων
1545 1205 1637 1282 εἰς
1680 1203 1807 1288 τὴν
1852 1202 2064 1271 πόλιν.

577 1313 736 1378 Cum
781 1315 847 1377 in
893 1314 1110 1378 animo
1156 1315 1468 1394 haberet,
1528 1315 1828 1380 Pisonem
1876 1315 2227 1398 adoptare,
2293 1319 2492 1397 atque
2538 1316 2603 1379 in
2652 1338 2759 1381 ca-

353 1427 521 1490 stris
553 1425 755 1491 verba
790 1427 1054 1505 faceret,
1103 1448 1341 1508 magna
1375 1432 1633 1491 ostenta
1664 1433 2017 1491 evenerunt
2063 1433 2129 1490 et
2174 1432 2362 1490 tanta
2395 1431 2758 1510 tempestas

354 1544 515 1602 orta
566 1543 684 1614 est,
728 1543 804 1602 ut
847 1539 1087 1602 nemini
1120 1538 1388 1603 dubium
1438 1543 1626 1618 esset,
1675 1539 1832 1621 quin
1873 1538 1977 1602 dei
2011 1538 2263 1602 Galbae
2295 1539 2756 1620 irascerentur,

353 1650 543 1733 quod
586 1649 748 1714 talia
793 1650 1142 1734 incepisset
1185 1651 1376 1734 (Plat.
1421 1650 1635 1716 Galba
1680 1650 1925 1731 XXIII;
1972 1650 2122 1714 Tac.
2168 1650 2318 1714 hist.
2366 1650 2414 1714 I.
2471 1653 2596 1735 18).

1447 1849 1685 1915 Otho.

575 1986 863 2050 Eandem
911 1987 1456 2070 praedictionem,
1514 2008 1683 2070 quae
1731 1986 1973 2052 Othoni
2018 2007 2198 2070 spem
2245 1986 2453 2051 futuri
2497 1970 2781 2071 imperii‘

347 2097 688 2181 praebuit,
733 2099 1090 2163 invenimus
1133 2100 1309 2183 apud
1352 2100 1750 2179 Suetonium,
1794 2098 2240 2178 Plutarchum,
2288 2099 2606 2163 Tacitum.

780 2210 955 2276 Suet.
1004 2211 1174 2277 Otho
1221 2217 1278 2276 4.
1368 2232 1586 2295 „spem
1632 2212 1889 2295 imperii
1953 2212 2126 2294 cepit
2314 2212 2628 2276 maiorem
2674 2233 2754 2277 ex

676 2322 1110 2388 affirmatione
1169 2324 1422 2388 Seleuci
1482 2323 1947 2388 mathematici.
2042 2324 2166 2403 Qui
2211 2345 2356 2387 cum
2405 2345 2549 2388 eum
2600 2324 2752 2389 olim

676 2436 1093 2519 superstitem
1138 2435 1378 2500 Neroni
1424 2435 1564 2500 fore
1630 2436 2121 2520 spopondisset,
2182 2441 2339 2500 tunc
2394 2437 2567 2501 ultro
2614 2438 2753 2501 ino-

672 2550 935 2632 pinatus
1002 2548 1388 2627 advenerat,
1456 2550 1929 2632 imperaturum
1985 2569 2243 2631 quoque
2303 2549 2485 2625 brevi
2531 2570 2752 2631 repro-

673 2661 977 2726 mittens“

349 2771 557 2857 (Plut.
616 2772 830 2837 Galba
880 2774 1131 2854 XXIII3
1200 2773 1349 2836 Tac.
1410 2772 1559 2836 hist.
1622 2772 1667 2836 I.
1716 2777 1834 2852 223
1903 2771 2296 2837 Plutarchus
2357 2778 2424 2837 et
2487 2773 2752 2839 Tacitus

347 2885 895 2949 mathematicum
941 2885 1462 2965 „Ptolemaeum“
1524 2885 1893 2963 nominant,
1954 2905 2084 2949 non
2149 2884 2588 2965 „Seleucum“,
2636 2887 2752 2951 sed

353 2998 517 3079 quin
565 2997 738 3080 apud
770 3018 991 3062 omnes
1038 2998 1118 3062 de
1161 2998 1386 3062 eodem
1422 2997 1633 3060 omine
1679 3001 1931 3079 agatur,
1974 3017 2103 3059 non
2140 3002 2240 3061 est
2272 2996 2751 3081 dubitandum).

569 3108 746 3174 Alios
794 3131 1053 3194 quoque
1097 3110 1594 3174 mathematicos
1646 3108 1886 3172 Othoni
1944 3129 2124 3191 spem
2182 3108 2590 3193 principatus
2637 3131 2750 3175 au-

352 3221 537 3285 xisse
584 3223 1031 3304 cognoscimus
1089 3243 1129 3285 a
1174 3222 1421 3300 Tacite,
1466 3221 1585 3285 ib.:
1652 3219 2074 3302 „urgentibus
2137 3220 2335 3284 etiam
2390 3222 2750 3287 mathema·

347 3334 526 3412 ticis,
574 3333 727 3397 dum
772 3355 971 3399 novos
1016 3340 1232 3398 motus
1278 3339 1344 3397 et
1388 3333 1635 3397 clarum
1683 3332 1925 3397 Othoni
1972 3353 2245 3412 annum,
2292 3333 2748 3399 observatione

347 3445 667 3524 siderum,
715 3445 1085 3511 affirmanti‘

567 3555 920 3641 Praesagia
965 3559 1194 3623 mortis
1242 3556 1604 3640 compluria
1650 3563 2021 3622 occurrunt.

772 3669 946 3734 Suet.
1011 3669 1181 3735 Otho
1233 3675 1288 3733 7.
1399 3669 1676 3750 „dicitur
1723 3719 1738 3733 .
1765 3720 1818 3734 ..
1870 3690 1988 3752 per
2035 3669 2319 3752 quietem
2366 3670 2749 3753 pavefactus

669 3782 948 3862 gemitus
992 3783 1310 3846 maximos
1359 3781 1669 3859 edidisse,
1738 3786 2171 3864 repertusque
2217 3803 2257 3845 a
2304 3782 2747 3845 concursanti—

666 3893 788 3957 bus
860 3892 1040 3957 humi
1108 3900 1258 3958 ante
1306 3893 1544 3957 lectum
1592 3893 1829 3972 iacenS,
1891 3943 1904 3956 .
1935 3942 1948 3955 .
1981 3942 1994 3955 .
2056 3893 2281 3958 Manes
2352 3892 2631 3973 Galbae,
2708 3915 2749 3958 a

668 4026 796 4087 quo
818 4006 1158 4070 deturbari
1178 4004 1545 4089 expellique
1568 4026 1638 4070 se
1656 4004 1927 4084 viderat,
1956 4005 2319 4088 propitiare
2352 4010 2748 4089 temptasse“

667 4117 819 4200 (Dio
866 4118 982 4201 Ep.
1034 4117 1255 4181 LXIV.
1308 4123 1362 4181 7.
1406 4119 1489 4201 2),

769 4229 1122 4312 „postridie
1169 4281 1182 4293 .
1210 4279 1223 4294 .
1255 4283 1267 4296 .
1319 4230 1386 4293 in
1432 4228 1814 4312 augurando
1849 4235 2240 4313 tempestate
2278 4236 2425 4294 orta
2461 4230 2748 4312 graviter

665 4341 1042 4424 prolapsum
1088 4341 1443 4406 identidem
1505 4341 2070 4406 obmurmurasse:
2137 4346 2202 4407 τί
2267 4340 2393 4426 γάρ
2453 4367 2567 4427 μοι
2634 4344 2744 4408 καὶ

663 4464 944 4539 μακροῖς
989 4451 1256 4534 αὐλοῖς,·
