3167 5067
1229 370 1665 430 -21—

666 535 913 618 „pridie
991 557 1184 619 quam
1255 537 1502 619 periret
1573 538 1949 616 somniavit,
2021 538 2373 603 consistere
2442 562 2510 604 se
2574 541 2641 603 in

563 647 743 713 caelo
787 649 974 712 iuxta
1020 648 1251 713 solium
1299 649 1503 728 Iovis,
1552 698 1566 713 .
1598 699 1612 713 .
1637 699 1651 714 .
1677 702 1692 716 .
1740 656 1807 715 et
1860 650 1926 713 in
1967 647 2181 714 terras
2242 652 2632 736 praecipita-

562 766 740 826 tum“

666 871 1082 952 „sacrificans
1126 894 1466 956 respersus
1513 878 1617 938 est
1657 873 2150 957 phoenicopteri
2196 875 2551 957 sanguine“

666 985 1142 1068 „pantomimus
1226 985 1516 1050 Mnester
1589 986 1997 1070 tragoediam
2066 986 2360 1066 saltavit,
2443 1008 2640 1071 quam

562 1097 713 1162 olim
771 1097 1236 1180 Neoptolemus
1296 1097 1649 1180 tragoedus
1691 1098 1894 1176 ludis,
1956 1097 2193 1181 quibus
2258 1120 2376 1164 rex
2422 1099 2640 1165 Mace-

563 1209 800 1274 donum
847 1208 1185 1292 Philippus
1232 1209 1484 1275 occisus
1530 1215 1648 1289 est,
1693 1214 1956 1293 egerat“

663 1321 1066 1405 „parabatur
1100 1326 1166 1385 et
1193 1321 1262 1385 in
1292 1327 1546 1387 noctem
1580 1321 2046 1407 spectaculum,
2093 1343 2221 1405 quo
2252 1328 2640 1406 argumenta

559 1432 915 1498 inferorum
960 1454 1079 1518 per
1125 1434 1476 1518 Aegyptios
1523 1440 1590 1498 et
1627 1434 1984 1518 Aethiopas
2028 1434 2554 1518 explicarentur“

460 1545 650 1630 Apud
682 1546 956 1610 Dionem
1001 1550 1267 1629 praeter
1309 1545 1426 1610 illa
1471 1546 1621 1626 duo,
1666 1567 1835 1630 quae
1885 1568 2086 1630 supra
2117 1547 2635 1626 memoravimus,

230 1660 514 1726 tertium
559 1657 846 1723 traditur
892 1678 1077 1722 omen
1123 1657 1371 1738 mortis,
1419 1679 1589 1741 quae
1632 1657 1958 1724 instabat:

663 1771 828 1834 LIX.
891 1775 992 1836 29.
1052 1776 1109 1833 4.
1168 1766 1600 1850 Ἀπολλώνιός
1658 1796 1757 1850 τις
1809 1769 2180 1857 Αἰγύπτιος
2229 1769 2306 1839 τὸ
2365 1770 2631 1859 συμβὰν

561 1879 744 1973 αὐτῷ
791 1891 1066 1968 προεῖπε

455 1996 721 2060 Tacitus
767 2000 833 2059 et
877 1994 1001 2059 Dio
1046 2000 1556 2059 commemorant
1602 1993 1846 2060 dictum
1866 2045 1881 2075 ,
1929 2014 2057 2078 quo
2102 1994 2403 2061 Tiberius
2448 1996 2634 2077 Gaio,

238 2109 428 2193 quali
466 2107 695 2172 mortis
734 2127 970 2190 genere
1001 2108 1334 2190 periturus
1380 2112 1568 2186 esset,
1599 2106 2018 2191 praedixerit.
2110 2106 2413 2190 Legimus
2461 2108 2638 2191 apud

235 2222 567 2299 Tacitum,
614 2240 759 2283 ann.
823 2219 925 2283 VI.
991 2225 1107 2285 46:
1782 2214 1790 2221 ’

667 2332 897 2411 „simul
954 2331 1202 2396 crebris
1248 2353 1395 2396 cum
1437 2331 1726 2396 lacrimis
1785 2330 2102 2395 minorem
2154 2352 2235 2395 ex
2285 2331 2637 2416 nepotibus

560 2444 953 2527 complexus,
1000 2444 1171 2508 truci
1202 2442 1474 2509 alterius
1509 2444 1709 2523 vultu,
1753 2442 2030 2508 ‘occides
2069 2443 2243 2507 hunc
2286 2443 2379 2508 tu’
2425 2444 2640 2527 inquit

562 2562 648 2621 ‘et
689 2561 754 2621 te
800 2555 1043 2622 alius'“
1089 2556 1241 2639 (Dio
1286 2556 1509 2622 LVIII.
1550 2560 1651 2620 23.
1694 2560 1752 2635 2,
1778 2559 1847 2636 33
1894 2556 2045 2619 Zon.
2072 2554 2181 2619 XI.
2213 2554 2300 2638 3).

1190 2753 1598 2819 Claudius
1642 2754 1690 2817 I.

455 2893 728 2959 Claudio
772 2891 1106 2976 prodigia,
1154 2912 1234 2956 ex
1281 2889 1518 2974 quibus
1563 2890 2004 2974 principatum
2052 2891 2431 2973 speraverit,
2493 2914 2634 2956 esse

239 3008 428 3073 facta
472 3004 646 3088 apud
695 3005 1049 3088 scriptores
1093 3024 1220 3067 non
1261 3002 1555 3086 legimus

459 3120 513 3182 A
565 3117 793 3182 Tacito
835 3116 1145 3181 nonnulla
1187 3115 1490 3199 prodigia
1534 3118 1959 3193 enarrantur,
2006 3134 2176 3196 quae
2221 3114 2315 3179 Ti.
2364 3114 2636 3180 Claudio

241 3232 426 3297 Serv.
460 3228 759 3295 Cornelio
792 3227 998 3294 Orfito
1042 3248 1203 3292 coss.
1237 3229 1434 3311 (anno
1470 3233 1543 3292 51
1589 3249 1651 3309 p.
1680 3224 1856 3310 Chr.)
1903 3225 2255 3305 evenerint,
2299 3225 2433 3306 sed,
2480 3226 2638 3309 quid

240 3342 608 3409 ostendisse
651 3342 792 3406 visa
835 3341 982 3420 sint,
1026 3361 1154 3404 non
1200 3344 1301 3405 est
1348 3343 1957 3403 commemoratum:

660 3453 810 3516 Tac.
855 3474 998 3516 ann.
1021 3451 1164 3516 XII.
1196 3456 1312 3516 43:
1360 3451 1610 3532 „multa
1651 3471 1726 3515 eo
1773 3470 1942 3515 anno
1987 3450 2289 3534 prodigia
2336 3472 2636 3516 evenere.

555 3567 875 3630 insessum
919 3564 1078 3629 diris
1122 3562 1351 3629 avibus
1396 3561 1827 3647 Capitolium“

661 3676 949 3757 „crebris
991 3681 1211 3742 terrae
1251 3673 1534 3741 motibus
1578 3680 1893 3760 prorutae
1940 3675 2210 3740 domus²‘

662 3789 960 3872 „frugum
993 3808 1251 3871 quoque
1284 3794 1541 3872 egestas
1583 3793 1652 3853 et
1695 3793 1843 3853 orta
1887 3809 1969 3853 ex
2011 3808 2086 3852 eo
2134 3787 2342 3854 fames
2382 3788 2450 3852 in
2488 3807 2637 3872 pro-

561 3902 807 3985 digium
852 3900 1339 3985 accipiebatur“

456 4014 665 4078 Multa
707 4013 896 4079 nobis
940 4013 1191 4078 tradita
1235 4017 1386 4077 sunt
1430 4017 1722 4092 ostenta,
1783 4033 1954 4096 quae
2015 4013 2365 4097 praesagia
2409 4012 2639 4078 mortis

241 4129 385 4193 eius
433 4126 809 4191 existimata
854 4131 1022 4205 sunt,
1071 4125 1244 4209 apud
1291 4125 1691 4203 Suetonium,
1739 4125 2031 4205 Dionem,
2077 4126 2419 4190 Zonaram.

662 4239 838 4302 Suet.
861 4239 1000 4303 Div.
1030 4238 1254 4307 Claud.
1287 4243 1390 4306 46.
1473 4241 1780 4317 „exortus
1824 4237 2098 4302 crinitae
2139 4238 2387 4318 stellae,
2440 4258 2636 4321 quam

558 4355 854 4414 cometen
897 4355 1172 4415 vocant“
1236 4349 1388 4434 (Dio
1434 4349 1566 4413 LX.
1612 4354 1712 4415 35.
1763 4354 1831 4431 13
1875 4349 2029 4415 Zon.
2073 4350 2185 4414 XI.
2241 4352 2348 4435 11)
