3167 5067
1318 351 1752 419 ..63—

748 529 860 595 καὶ
902 540 1064 614 μετα
1123 534 1325 594 τοῦτο
1386 528 1822 613 παυσαμένου
1882 521 2096 592 αὐτοῦ
2155 522 2424 612 ἀστέρες
2491 525 2724 592 πολλοὶ

649 638 999 726 ἐφάνησαν

749 752 834 816 ib.
874 758 929 816 7.
976 759 1035 827 4,
1085 758 1140 817 5.
1230 752 1340 819 καὶ
1395 752 1469 818 έν
1511 760 1595 840 τῇ
1631 748 1846 838 Ῥώμῃ
1888 754 2148 836 δαίμων
2206 775 2305 828 τις
2351 745 2727 836 ἀνθρώπου

649 874 862 951 σχῆμα
908 865 1077 949 ἔχων
1124 860 1288 931 ι’)’νον
1332 864 1396 943 ἔς
1440 889 1509 930 τε
1553 862 1633 931 τὸ
1687 861 2110 931 Καπιτώλιον
2157 863 2268 929 καὶ
2312 860 2475 949 μετὰ
2522 871 2726 929 τοῦτο

647 977 711 1056 ές
753 974 831 1044 τὸ
875 975 1201 1043 παλάτιον
1246 972 1618 1061 ἀνήγαγεν,
1682 981 1898 1061 ζητῶν
1954 973 2075 1041 τὸν
2119 973 2452 1061 δεσπότην
2496 972 2729 1052 αὐτοῦ,

656 1087 739 1168 ὥς
785 1114 859 1174 γε
905 1091 1017 1155 καὶ
1058 1088 1371 1173 ἔφασκεν,
1417 1089 1529 1155 καὶ
1575 1087 1791 1173 λέγων
1833 1088 2094 1155 ἐκεῖνον
2136 1089 2259 1173 μὲν
2292 1082 2728 1166 ἀπολωλέναι,

648 1200 769 1269 τὸν
814 1202 885 1268 δὲ
933 1204 1067 1267 Δία
1112 1197 1356 1286 ἄρχειν.
1420 1204 1834 1286 συλληφθείς
1878 1225 1947 1266 τε
1997 1199 2103 1266 ἐπὶ
2149 1197 2367 1288 τούτῳ
2409 1200 2518 1266 καὶ
2564 1197 2730 1284 πρὸς

648 1311 767 1380 τὸν
792 1310 1191 1380 Άντωνῖνον
1247 1311 1379 1380 ὑπὸ
1443 1321 1570 1380 τοῦ
1613 1318 2097 1395 Ματερνιανοῦ
2136 1315 2469 1397 πεμφθείς
2517 1308 2727 1395 ιἀπέρ-

647 1421 842 1511 χομαι
886 1425 1025 1511 μέν’
1074 1425 1203 1511 ἔφη
1252 1423 1363 1505 ιὥς
1400 1424 1710 1505 κελεύεις,
1760 1421 2082 1510 ἀφίξομαι
2126 1425 2197 1491 δὲ
2245 1419 2329 1491 οὐ
2371 1421 2538 1507 πρὸς
2579 1431 2728 1490 τοῦ-

647 1562 769 1604 τον
845 1535 967 1605 τὸν
1028 1533 1492 1623 αὐτοκράτορα
1575 1534 1739 1604 ἀλλὰ
1812 1534 1980 1620 πρὸς
2042 1536 2311 1620 ἕτερον’,
2382 1537 2494 1602 καὶ
2567 1533 2729 1620 μετὰ

648 1644 823 1716 τοῦτ’
877 1647 941 1728 ἒς
982 1648 1106 1734 τὴν
1153 1647 1443 1735 Καπύην
1492 1646 1717 1715 ἕλθών
1760 1645 2027 1736 ἀφανὴς
2070 1648 2333 1734 ἐγένετο

750 1761 837 1826 ib.
890 1766 947 1826 8.
999 1765 1051 1824 1.
1141 1770 1223 1850 τῇ
1285 1765 1357 1828 δε
1405 1763 1815 1851 ἱπποδρομίᾳ
1875 1769 1957 1849 τῇ
2021 1769 2139 1847 τῆς
2189 1769 2315 1829 τοῦ
2378 1760 2734 1846 Σεουήρου

654 1869 858 1958 ἀρχῆς
903 1873 1095 1940 ἕνεκα
1140 1873 1510 1961 ποιουμένῃ
1559 1873 1874 1941 κατέπεσε
1922 1874 2045 1959 μὲν
2089 1874 2201 1940 καὶ
2247 1871 2323 1940 τὸ
2369 1882 2495 1940 τοῦ
2519 1869 2732 1958 Ἄρεος

651 1981 912 2071 ἄγαλμα
958 1995 1308 2071 πομπεῦον

751 2096 838 2161 ib.
882 2103 939 2162 8.
989 2102 1045 2162 2.
1134 2096 1214 2165 τὸ
1260 2099 1331 2165 δὲ
1373 2096 1458 2184 δὴ
1501 2097 1854 2184 μέγιστον,
1904 2095 2260 2183 ἡττημένοι
2307 2100 2372 2165 οί
2416 2094 2728 2180 πράσινοι

654 2218 1043 2290 στασιῶται,
1113 2210 1334 2277 ἔπειτα
1400 2209 1673 2278 κολοιὸν
1736 2206 1827 2277 ἐπ’
1911 2205 2127 2295 ἀκρον
2201 2218 2326 2277 τοῦ
2382 2205 2734 2296 ὀβελίσκου

655 2321 838 2389 πάνυ
881 2320 1148 2408 σφόδρα
1192 2320 1536 2406 κρώζοντα
1583 2322 1843 2402 ἰδόντες
1886 2321 2129 2401 πάντες
2172 2347 2241 2388 τε
2303 2320 2469 2406 πρὸς
2523 2317 2735 2389 αὐτὸν

653 2430 1054 2521 ἀπέβλεψαν,
1099 2436 1212 2501 καὶ
1256 2433 1498 2515 πάντες
1539 2436 1856 2521 ἐξαίφνης
1906 2432 1989 2513 ὡς
2032 2435 2143 2501 καὶ
2190 2432 2264 2501 ἔκ
2296 2433 2736 2519 συγκειμένου

654 2544 834 2627 τινὸς
907 2543 1285 2632 ἀνεβόησαν
1349 2547 1779 2631 ιΜαρτιάλιε,
1844 2556 2061 2632 χαῖρε·
2148 2546 2546 2630 Μαρτιάλιε,
2625 2544 2733 2612 διὰ

653 2658 905 2745 χρόνου
948 2677 1019 2725 σε
1067 2658 1477 2745 έοράκαμεν’,
1538 2655 1660 2744 οὐχ
1723 2656 1825 2726 ὅτι
1869 2660 1980 2726 καὶ
2027 2656 2063 2725 ὁ
2112 2658 2377 2737 κολοιός
2419 2684 2579 2724 ποτε
2626 2655 2736 2724 οὕ-

653 2798 781 2850 τως
845 2766 1239 2857 ὠνομάσθη,
1306 2768 1438 2839 ἀλλ’
1501 2769 1605 2839 ὅτι
1663 2767 1739 2838 δι’
1807 2772 2070 2838 ἐκείνου
2129 2768 2252 2838 τὸν
2311 2769 2737 2854 Μαρτιάλιον

653 2882 774 2950 τὸν
839 2891 964 2950 τοῦ
1014 2880 1415 2952 Ἀντωνίνου
1475 2885 1690 2970 φονέα
1760 2881 1844 2963 ὡς
1904 2885 2016 2950 καὶ
2062 2884 2127 2962 ἐξ
2173 2883 2519 2961 ἐπιπνοίας
2557 2879 2739 2960 τινὸς

658 2999 849 3075 θείας
894 2992 1279 3081 ἠσπάσαντο

756 3107 842 3172 ib.
890 3112 946 3171 8.
997 3113 1052 3172 3.
1147 3104 1274 3194 ἤδη
1321 3110 1391 3175 δέ
1441 3126 1571 3175 τισι
1616 3110 1727 3175 καὶ
1773 3103 1974 3187 αὐτὸς
2023 3107 2239 3197 ἑαυτῷ
2285 3104 2321 3175 ὁ
2349 3103 2740 3186 Ἀντωνῖνος

656 3219 781 3307 τὴν
841 3218 1159 3305 τελευτὴν
1214 3225 1645 3307 προδηλῶσαι
1711 3220 1972 3300 ἔδοξεν,
2032 3217 2261 3306 ἐπειδὴ
2321 3218 2397 3286 ἓν
2457 3230 2538 3308 τῇ
2606 3217 2736 3285 ἔπι-

656 3338 859 3420 στολῇ
919 3329 1003 3417 ἢν
1062 3337 1451 3399 τελευταίαν
1519 3342 1601 3421 τῇ
1660 3336 1978 3422 γερουσίᾳ
2062 3332 2354 3418 ἔπεμψεν
2429 3333 2559 3417 ἔφη
2636 3329 2740 3399 ὅτι

656 3442 1006 3511 παύσασθε
1075 3441 1426 3530 εὐχόμενοί
1491 3471 1570 3531 με
1633 3443 1872 3513 ἑκατὸν
1940 3444 2111 3511 ἔτεσι
2165 3453 2580 3530 μοναρχῆσαι
2638 3497 2651 3510 .
2681 3497 2735 3509 ..

655 3553 832 3648 λόγῳ
873 3560 997 3642 μὲν
1042 3557 1345 3642 έγκαλῶν
1391 3575 1625 3642 σφισιν
1675 3554 1759 3637 ὡς
1801 3558 1910 3624 καὶ
1957 3553 2259 3624 ἀδύνατα
2310 3552 2692 3642 εὐχομένοις

760 3669 846 3733 ib.
895 3674 953 3736 8.
1003 3677 1061 3747 4,
1117 3676 1171 3733 5.
1262 3670 1374 3736 καὶ
1436 3668 1582 3755 ἐμοὶ
1650 3667 1978 3754 ἐνθύμιον
2037 3668 2300 3754 ἐγένετο
2363 3665 2465 3734 ὅτι
2525 3668 2599 3735 έν
2657 3676 2739 3755 τῇ

661 3785 1078 3870 Νικομηδείᾳ
1126 3790 1266 3860 τοῖς
1300 3784 1619 3864 Κρονίοις
1653 3780 1892 3847 ἑστιῶν
1939 3778 2104 3865 ἡμᾶς
2147 3780 2259 3845 καὶ
2299 3778 2509 3845 πολλὰ
2556 3776 2741 3859 ἄττα,

659 3888 767 3958 οἷα
813 3894 887 3959 έν
931 3897 1279 3984 συμποσίῳ
1328 3890 1502 3971 εἰκὸς
1547 3881 1651 3977 ἦν,
1694 3890 1921 3971 εἰπών,
1969 3886 2159 3957 ἔπειτ’
2213 3891 2742 3977 ἐξανισταμένων

661 4002 852 4090 ἡμῶν
907 4003 1524 4089 προσκολεσάμενος
1585 4005 1716 4090 ἔφη
1786 4003 2152 4083 ικάλλιστα,
2237 3991 2287 4069 ὦ
2343 4006 2569 4082 Δίων,
2630 4004 2741 4069 καὶ

658 4112 1078 4202 ἀληθέστατα
1125 4114 1160 4183 ὁ
1208 4113 1579 4204 Εὐριπίδης
1626 4120 1890 4204 εἴρηκεν
1933 4112 2035 4183 ὅτι

865 4229 1102 4296 πολλαὶ
1142 4230 1403 4315 μορφαὶ
1445 4236 1586 4296 τῶν
1631 4232 2021 4314 δαιμονίων,

867 4340 1077 4408 πολλὰ
1125 4338 1179 4407 δ’
1231 4337 1526 4420 ἀέλπτως
1571 4344 1926 4427 κραίνουσι
1970 4342 2145 4419 θεοί,

866 4455 977 4521 καὶ
1022 4452 1102 4519 τὰ
1151 4449 1498 4538 δοκηθέντ’
1554 4449 1680 4520 οὐκ
1729 4449 2070 4537 ἕτελέσθη,
