3167 5067
1189 372 1621 432 -37-

517 543 656 602 tum
701 544 831 616 est,
892 544 965 602 ut
1025 545 1223 623 caput
1272 561 1530 622 quoque
1575 541 1996 623 adportatum
2053 544 2190 608 eius
2235 544 2472 609 vidisse
2525 567 2592 609 se

517 650 812 734 plerique
857 650 1363 716 contenderent&
2011 666 2016 672 ·

218 764 412 845 Signa
454 763 680 827 mortis
725 763 890 827 haec
933 764 1122 827 nobis
1172 764 1420 828 tradita
1461 770 1645 829 sunt:

309 885 315 890 “
621 876 795 940 Suet.
840 875 1024 940 Dom.
1079 882 1173 941 14.
1265 898 1542 957 „annum
1578 877 1879 961 diemque
1914 882 2213 946 ultimum
2247 883 2418 948 vitae
2461 884 2593 947 iam

516 987 766 1071 pridem
821 994 1194 1072 suspectum
1238 988 1548 1069 habebat,
1598 990 1828 1055 horam
1874 993 2070 1057 etiam
2118 1043 2131 1057 .
2163 1044 2214 1057 ..
2263 999 2353 1065 et*
2388 1015 2590 1079 genus

522 1100 765 1164 mortis.
856 1099 1361 1166 Adulescentulo
1406 1100 1719 1167 Chaldaei
1765 1111 1999 1168 cuncta
2041 1094 2546 1190 praedixeranffl

620 1217 849 1295 „pater
882 1234 1167 1296 ⁴quoque
1225 1235 1421 1297 super
1481 1235 1749 1279 caenam
1796 1217 2119 1298 quondam
2169 1218 2392 1302 fungis
2442 1220 2589 1285 abs-

517 1325 825 1389 tinentem
873 1324 1093 1409 palam
1135 1325 1436 1391 irriserat
1483 1331 1557 1390 ut
1601 1327 1900 1410 ignarum
1947 1330 2143 1395 sortis
2190 1353 2364 1412 suae,
2416 1333 2592 1416 quod

517 1458 643 1501 non
689 1437 934 1502 serrum
979 1439 1197 1522 potius
1241 1440 1541 1504 timeret“

617 1550 701 1614 ib.
759 1556 851 1616 15.
943 1555 1230 1629 „tactum
1276 1552 1357 1616 de
1403 1550 1583 1616 caelo
1621 1551 2051 1635 Capitolium“

621 1663 1102 1746 „templumque
1145 1663 1406 1729 Flaviae
1454 1664 1702 1748 gentis“

52 1725 55 1846 l
621 1774 890 1854 „domus
933 1772 1272 1840 Palatina“

52 1919 55 1980 γ
376 1928 380 1931 «
622 1886 1029 1966 „cubiculum
1075 1887 1320 1970 ipsius“

621 2021 695 2079 „e
739 1999 884 2064 basi
928 2005 1186 2064 statuae
1238 2000 1655 2084 triumphalis
1701 2001 1931 2070 titulus
1981 2024 2290 2069 excussus
2333 2008 2393 2070 vi
2441 2028 2591 2089 pro-

517 2111 719 2176 cellae
765 2113 831 2176 in
877 2113 1343 2177 monimentum
1386 2135 1775 2197 proxumum
1821 2114 2103 2180 decidit“

526 2308 533 2315 ‚
618 2225 885 2304 „arbor,
949 2246 1119 2308 quae
1164 2221 1419 2309 privato
1465 2225 1680 2290 adhuc
1729 2227 2129 2310 Vespasiano
2176 2250 2402 2294 eversa
2448 2252 2589 2295 sur·

194 2348 199 2354 ’
516 2319 795 2417 rexerat,
840 2342 997 2402 tunc
1042 2360 1268 2404 rursus
1311 2343 1581 2422 repente
1631 2339 1916 2404 corruit“

52 2365 57 2560 Ι
619 2450 1084 2528 „Praenestina
1145 2450 1466 2530 Fortuna,
1541 2456 1681 2540 toto
1747 2452 2005 2535 imperii
2069 2453 2281 2535 spatio
2349 2475 2589 2520 annum

516 2583 751 2626 novum
798 2561 1276 2627 commendanti
1319 2563 1559 2627 laetam
1600 2563 2002 2647 eandemque
2045 2586 2301 2648 semper
2346 2573 2587 2632 sortem

514 2675 670 2739 dare
717 2680 1014 2754 assueta,
1080 2679 1369 2740 extremo
1415 2674 1858 2739 tristissimam
1903 2675 2214 2755 reddidit,
2284 2699 2404 2742 nec
2450 2679 2587 2744 sine

516 2787 849 2869 sanguinis
894 2787 1258 2851 mentione“
1416 2771 1433 2782 ⁹
1684 2860 1689 2866 q

616 2900 1032 2979 „Minervam,
1068 2921 1262 2982 quam
1295 2899 1749 2982 superstitiose
1780 2898 2055 2981 colebat,
2090 2902 2432 2967 somniavit
2478 2924 2586 2968 ex-

52 2907 57 3092 .
515 3012 746 3076 cedere
794 3012 1084 3076 sacrario
1115 3017 1593 3094 negantemque
1640 3012 1816 3077 ultra
1859 3034 1928 3077 se
1969 3014 2141 3079 tueri
2186 3035 2331 3078 eum
2376 3036 2586 3099 posse,

514 3125 713 3219 quod.
736 3129 1075 3189 exarmata
1121 3144 1281 3189 esse·
1309 3144 1349 3187 a
1377 3123 1575 3189 Jove“
1624 3124 1774 3210 (Dio
1800 3125 1915 3208 Ep.
1952 3125 2205 3190 LXVII.
2246 3132 2341 3191 16.
2374 3133 2424 3191 1.
2476 3130 2588 3195 καὶ

52 3195 55 3300 l
293 3317 299 3325 ι
513 3233 715 3317 αὐτὸς
788 3238 861 3304 ἐν
918 3246 1009 3327 τῷ
1068 3234 1260 3327 ὕπνῳ
1322 3235 1447 3322 τὴν
1489 3233 1811 3323 Ἀθηνᾶν,
1873 3233 1957 3323 ἢν
2030 3238 2103 3305 ἐν
2155 3248 2276 3329 «τῷ,
2313 3248 2588 3307 κοιτῶνι

52 3335 53 3354 ἒ
515 3349 880 3436 ἱδρυμένην
913 3347 1063 3435 εἶχε,
1107 3347 1188 3416 τὰ
1215 3346 1384 3416 ὅπλα
1425 3345 1952 3437 ἀποβεβληκέναι
1994 3351 2103 3416 καὶ
2150 3350 2256 3418 ἐπὶ
2296 3348 2589 3437 ἅρματος

510 3466 735 3529 ἵππων
779 3460 1086 3547 μελάνων
1133 3463 1197 3542 ἐς
1241 3460 1459 3548 χάσμα
1505 3462 1847 3530 {animem
1892 3461 2135 3542 ἔδοξεν.

223 3589 597 3655 quamquam
655 3573 847 3638 aliter
905 3573 1079 3657 apud
1131 3574 1403 3638 Dionem
1477 3580 1675 3657 atque
1737 3574 1912 3657 apud
1972 3573 2351 3640 Suetonium
2436 3597 2586 3640 nar-

224 3686 410 3763 ratur,
453 3691 670 3750 tamen
715 3685 794 3749 de
842 3686 1070 3750 eodem
1117 3687 1328 3751 omine
1375 3687 1459 3751 ab
1498 3692 1779 3770 utroque
1825 3687 1930 3769 agi
1977 3687 2132 3750 mihi
2180 3686 2462 3770 videtur)

617 3797 1207 3882 „(Ascletarionem
1279 3798 1837 3882 mathematicum)
1919 3797 2207 3863 delatum
2267 3819 2413 3863 nec·
2444 3800 2587 3863 infi-

513 3910 821 3990 tiantem,
883 3912 1166 3977 iactasse
1213 3931 1281 3974 se
1335 3932 1503 3993 quae
1558 3911 1950 3995 providisset
2010 3932 2089 3975 ex
2131 3917 2301 3991 arte,
2367 3912 2586 3977 scisci-

515 4028 694 4087 tatus
741 4029 868 4103 est,
936 4024 1081 4106 quis
1125 4023 1337 4106 ipsum
1383 4029 1681 4088 maneret
1725 4024 1968 4105 exitus3
2016 4029 2082 4088 et
2131 4023 2584 4106 affirmantem,

513 4134 653 4199 fore
716 4141 790 4199 ut
848 4134 1029 4199 brevi
1086 4135 1493 4200 laceraretur
1537 4157 1576 4199 a
1624 4135 1929 4215 canibUS,
1986 4135 2264 4200 interfici
2325 4137 2585 4219 quidem

515 4247 650 4310 sine
697 4267 910 4325 mora,
974 4247 1088 4311 sed
1146 4247 1228 4311 ad
1275 4247 1753 4330 coarguendam
1798 4248 2234 4313 temeritatem
2279 4249 2441 4313 artis
2487 4271 2585 4314 se-

513 4358 702 4441 peliri
734 4379 991 4441 quoque
1025 4360 1513 4425 accuratissime
1540 4360 1902 4444 imperavit.
1991 4359 2178 4437 Quod
2204 4380 2349 4423 cum
2378 4360 2584 4441 fieret,
