3167 5067
1066 335 1641 417 N-13-

229 559 319 568 ——
363 521 585 586 nescio
646 542 728 585 an
793 522 985 587 Dioni
1040 523 1250 587 minus
1304 520 1606 588 mirabile
1673 527 1870 605 atque
1930 527 2296 586 memoratu
2354 521 2614 605 dignum

231 634 443 698 visum
491 634 595 712 sit,
642 633 816 715 quod
861 633 1083 698 Severi
1129 634 1401 699 consilia
1430 634 1748 718 prodigiis
1793 640 1860 699 et
1904 635 2168 699 somniis
2200 631 2617 717 regebantur,

233 766 434 827 quam
477 745 852 810 Herodiano
897 745 1101 810 multo
1145 747 1356 811 minus
1400 747 1873 829 superstitioso.

445 858 863 940 Quantopere
926 856 1202 922 Severus
1263 858 1394 922 iam
1457 858 1663 922 multo
1724 863 1876 923 ante
1920 878 2177 940 semper
2220 858 2301 922 de
2344 858 2618 940 imperio

232 967 457 1032 futuro
506 968 921 1051 cogitaverit,
980 970 1222 1052 optime
1265 969 1637 1034 illustratur
1681 969 2005 1033 nonnullis
2061 969 2284 1048 rebuS,
2342 990 2618 1050 quarum

235 1080 628 1163 Spartianus
672 1081 1061 1145 mentionem
1108 1080 1283 1145 facit.
1375 1081 1578 1146 Omen
1641 1081 1903 1145 futurae
1967 1081 2300 1145 felicitatis
2346 1081 2471 1145 sibi
2516 1100 2619 1144 ar-

233 1192 441 1274 ripuit
485 1192 778 1271 Severus,
829 1192 1004 1273 quod
1048 1192 1304 1276 hospes,
1352 1214 1544 1274 quem
1591 1194 1836 1257 Romae
1881 1199 2158 1258 nanctus
2207 1197 2336 1271 est,
2391 1192 2618 1256 eadem

234 1302 404 1365 hora
464 1302 782 1366 Hadriani
864 1305 1062 1367 vitam
1131 1305 1621 1387 imperatoriam
1693 1304 1855 1387 legit
1875 1305 1944 1388 1).
2052 1304 2269 1369 Uxore
2342 1309 2620 1382 mortua,

237 1435 386 1478 cum
432 1414 628 1478 aliam
672 1415 909 1479 ducere
954 1416 1179 1495 vellet,
1240 1416 1574 1497 requisitis
1636 1437 2020 1499 sponsarum
2067 1417 2381 1499 genituris
2427 1416 2623 1498 elegit

234 1525 473 1590 Iuliam
493 1576 507 1604 ,
578 1526 762 1590 cuius
807 1547 952 1591 eam
998 1548 1138 1591 esse
1189 1528 1554 1609 genituram
1601 1533 2039 1611 compererat,
2099 1533 2175 1592 ut
2216 1528 2357 1609 regi
2397 1528 2621 1609 iunge-

234 1642 421 1702 retur
444 1636 516 1720 2).
607 1637 680 1700 In
727 1636 949 1702 Sicilia
989 1659 1139 1703 reus
1183 1638 1397 1703 factus
1443 1645 1572 1719 est,
1631 1640 1804 1721 quod
1851 1639 1930 1703 de
1975 1640 2247 1722 imperio
2292 1638 2394 1702 vel
2436 1643 2620 1702 vates

235 1747 339 1812 vel
380 1748 741 1813 Chaldaeos
788 1751 1220 1815 consuluisset
1282 1755 1350 1815 et
1411 1751 1750 1816 absolutus
1796 1750 2055 1815 videtur
2117 1771 2259 1815 esse
2315 1772 2444 1814 non
2487 1755 2623 1814 tam

234 1865 509 1943 propter
552 1860 1019 1941 innocentiam,
1083 1883 1277 1945 quam
1320 1867 1594 1946 propter
1639 1862 1857 1927 odium
1903 1862 2236 1927 Commodi
2280 1867 2437 1926 tunc
2480 1882 2621 1944 reg-

237 1971 456 2034 nantis
482 1970 554 2054 3).

446 2081 800 2148 Praeterea
841 2084 1048 2150 multa
1089 2107 1433 2169 possumus
1463 2086 1772 2169 persequi
1816 2085 2114 2167 exempla
2156 2104 2323 2166 quae
2357 2085 2619 2148 demon-

238 2198 484 2272 strant,
559 2199 871 2276 quantam
931 2196 1126 2260 fidem
1212 2196 1487 2261 Severus
1562 2184 1884 2261 ominibus
1958 2196 2280 2260 vaticiniis
2356 2196 2623 2259 somniis

239 2304 486 2369 habere
534 2306 621 2370 sit
663 2307 911 2387 solitus,
958 2328 1087 2390 quo
1129 2309 1306 2373 facto
1352 2309 1741 2373 sententiam
1784 2314 2095 2387 nostram,
2142 2327 2338 2389 quam
2384 2307 2463 2372 de
2510 2308 2623 2370 Se-

236 2417 486 2480 veriani
529 2418 935 2501 principatus
982 2420 1228 2503 origine
1273 2421 1479 2484 Dione
1514 2418 2019 2501 Herodianoque
2064 2418 2442 2482 auctoribus
2491 2418 2624 2482 edi-

241 2527 475 2618 dimuS,
519 2528 768 2593 firmari
812 2530 1120 2596 arbitrati
1165 2554 1386 2596 sumus
1404 2532 1481 2616 4).

449 2639 636 2704 Nunc
672 2661 1091 2724 exponamuS,
1137 2643 1460 2725 quomodo
1500 2642 1748 2707 factum
1794 2643 1908 2721 sit,
1969 2647 2044 2706 ut
2094 2641 2467 2719 Caracalla,
2512 2641 2624 2704 Se-

241 2751 376 2814 veri
421 2750 612 2831 filius,
656 2753 930 2836 imperio
977 2758 1044 2818 et
1086 2755 1222 2819 vita
1261 2755 1651 2839 privaretur.

451 2863 873 2946 Scriptorum,
920 2867 1032 2947 qui
1077 2888 1196 2931 nos
1241 2867 1321 2930 de
1364 2866 1466 2931 his
1503 2866 1701 2931 rebus
1733 2866 2043 2930 certiores
2073 2864 2342 2943 faciunt,
2387 2885 2626 2946 magna

246 2995 403 3057 pars
445 2974 732 3039 breviter
776 2977 967 3040 modo
1015 2979 1279 3061 attingit
1319 2978 1700 3043 Caracallae
1745 2983 2038 3042 mortem.
2129 2976 2433 3040 Aurelius
2479 2976 2625 3040 Vic-

240 3091 346 3149 tor
369 3086 423 3169 5)
482 3087 773 3165 nuntiat,
852 3108 894 3150 a
961 3089 1166 3153 milite
1239 3091 1338 3154 sui
1401 3091 1727 3154 exercitus
1784 3111 1932 3154 eum
1992 3086 2419 3152 interfectumv
2467 3107 2624 3151 esse.

240 3198 538 3261 Zosimus
557 3197 609 3277 6)
657 3196 816 3265 dicit
860 3220 1005 3264 eum
1053 3221 1194 3264 esse
1257 3202 1574 3279 occisum,
1632 3200 2052 3265 interfectore
2098 3220 2429 3281 nunquam
2476 3218 2624 3281 cog-

454 3412 506 3480 1)
544 3410 670 3465 Sev.
713 3414 758 3464 1.
795 3413 844 3463 6.

451 3498 506 3564 2)
550 3497 676 3550 SeV.
712 3500 761 3549 3.
804 3499 864 3562 93
904 3492 1049 3547 Geta
1083 3495 1131 3545 3.
1174 3496 1235 3560 l;
1271 3492 1434 3546 Alex.
1475 3492 1600 3547 Sev.
1639 3495 1686 3546 5.
1720 3496 1769 3547 4.

452 3584 506 3648 3)
548 3581 672 3634 Sev.
714 3585 764 3634 4.
802 3584 851 3634 3.

450 3669 505 3734 4)
546 3684 615 3720 ex
649 3684 852 3734 magno
880 3682 1110 3717 numero
1149 3665 1260 3717 duo
1289 3669 1507 3718 tantum
1532 3665 1906 3719 adhibeamus.
1979 3664 2307 3717 Bassianum
2343 3668 2401 3716 et
2424 3661 2625 3715 Getam

237 3754 385 3807 filios
422 3752 742 3806 Antoninos
795 3750 1126 3819 appellavit,
1183 3750 1333 3817 quod
1392 3752 1764 3804 somniaverat
1801 3751 2151 3805 Antoninum
2200 3751 2306 3803 sibi
2342 3765 2628 3802 successu-

238 3858 365 3893 rum
401 3856 520 3891 esse
559 3837 767 3907 (Spart.
805 3836 931 3890 Sev.
974 3837 1053 3887 10.
1092 3837 1258 3900 3-—53
1310 3835 1485 3904 Niger
1520 3840 1568 3889 8.
1604 3839 1653 3889 4.
1691 3839 1758 3904 53
1812 3836 1957 3891 Geta
1997 3840 2059 3904 13
2107 3836 2335 3904 Lampr.
2371 3834 2535 3888 Diad.
2578 3837 2626 3887 6.

238 3930 290 3979 8.
330 3927 419 3993 9);
457 3930 515 3977 et
551 3942 678 3977 cum
713 3922 1055 3988 Plautianus,
1094 3938 1259 3990 quem
1297 3939 1470 3990 usque
1507 3923 1577 3975 ad
1614 3923 1672 3975 id
1723 3923 1992 3992 temporis
2026 3922 2405 3975 fidelissimum
2443 3922 2628 3975 existi-

238 4015 518 4077 maverat,
559 4011 937 4076 incusaretur,
989 4008 1139 4075 quod
1173 4008 1400 4061 insidias
1436 4009 1760 4077 struxisset,
1811 4028 1877 4063 ea
1924 4009 1993 4061 de
2032 4025 2198 4061 causa
2228 4007 2396 4061 fidem
2433 4007 2630 4061 habuit

241 4097 482 4151 Severus
519 4097 968 4162 accusatoribus,
1025 4095 1176 4163 quod
1231 4099 1398 4147 nocte
1452 4096 1759 4163 praeterita
1794 4096 2008 4148 somnio
2044 4094 2316 4148 Albinum
2350 4093 2536 4146 vivum
2573 4096 2631 4145 et

241 4183 347 4236 sibi
385 4182 741 4234 insidiantem
779 4181 995 4234 viderat
1031 4179 1165 4247 (Dio
1202 4178 1455 4235 LXXVI
1492 4184 1541 4234 3.
1577 4182 1651 4248 4).

448 4269 503 4334 5)
541 4267 693 4336 Epit.
731 4270 828 4332 37;
870 4267 938 4318 de
979 4266 1134 4319 Caes.
1172 4268 1270 4319 21:
1313 4308 1372 4335 „.
1402 4308 1448 4319 ..
1486 4285 1631 4320 anno
1668 4268 1955 4335 potentiae
1992 4270 2151 4318 sexto
2186 4267 2457 4319 moritui-5⁴

449 4356 503 4420 6)
543 4354 588 4405 I.
638 4355 716 4405 10.
