3167 5067
898 523 1058 605 Vop.
1103 523 1255 586 Aur.
1303 528 1361 586 4.
1412 527 1467 586 3.
1559 522 1958 605 ‚,(Aureliani
2012 523 2317 607 matrem)
2360 521 2671 586 habuisse
2718 522 2886 604 quin

793 634 990 698 etiam
1033 633 1434 698 nonnihilum
1493 633 1909 698 divinationis
1929 683 1944 713 ,
2008 632 2173 698 adeo
2218 638 2294 698 ut
2338 633 2689 716 aliquando
2735 655 2883 698 ma-

792 746 920 810 rito
964 766 1083 811 suo
1126 746 1395 829 iurgans
1433 746 1810 828 ingesserit,
1875 767 2021 811 cum
2081 741 2219 811 eius
2284 750 2351 811 et
2390 738 2735 811 stultitiam
2775 746 2883 809 in-

794 863 1097 942 creparet
1140 863 1207 923 et
1249 857 1603 923 vilitatem:

1001 970 1120 1035 ‘En
1161 970 1600 1053 imperatoris
1622 969 1938 1054 patrem’“

894 1082 980 1147 ib.
1042 1088 1100 1146 4.
1158 1088 1218 1147 4.
1264 1083 1625 1166 -„primum
1701 1082 1910 1165 pueri
1965 1084 2103 1148 eius
2171 1083 2422 1167 pelvem
2501 1087 2878 1167 serpentem

791 1194 1177 1278 plerumque
1223 1194 1502 1260 cinxisse
1547 1216 1759 1277 neque
1805 1217 2115 1277 umquam
2162 1195 2369 1261 occidi
2411 1196 2741 1279 potuisse²‘

896 1307 982 1372 ib.
1022 1313 1080 1371 4.
1131 1313 1186 1372 5.
1278 1327 1397 1387 „ex
1441 1306 1709 1390 palliolo
1753 1328 2117 1392 purpure0,
2164 1307 2338 1390 quod
2384 1307 2517 1372 Soli
2563 1307 2663 1371 sui
2707 1312 2881 1371 tem-

794 1419 973 1503 poris
1030 1419 1391 1502 imperator
1451 1419 1818 1502 optulerat,
1879 1419 2185 1485 sacerdos
2224 1420 2460 1484 mulier
2514 1418 2884 1502 crepundia

792 1529 926 1594 filio
975 1530 1206 1595 fecisse
1251 1530 1672 1615 perhibetur“

895 1642 982 1707 ib.
1029 1648 1087 1707 4.
1136 1648 1192 1707 6.
1283 1640 1497 1726 „quod
1539 1643 1827 1708 vinctum
1859 1643 2149 1708 fasceola
2181 1643 2600 1707 Aurelianum
2647 1642 2882 1726 aquila

792 1755 1053 1820 innoxie
1102 1755 1184 1819 de
1230 1756 1412 1820 cunis
1457 1755 1773 1820 levaverit
1832 1761 1898 1820 et
1954 1739 2021 1820 in
2070 1776 2254 1820 aram
2308 1756 2633 1839 posuerit,
2700 1774 2880 1837 quae

792 1867 980 1932 iuxta
1019 1867 1330 1932 sacellum
1374 1867 1544 1932 sorte
1589 1867 1727 1932 sine
1769 1866 2030 1949 ignibus
2076 1872 2257 1932 erat“
2483 1867 2487 1872 ’

896 1980 982 2043 ib.
1025 1985 1084 2043 4.
1134 1985 1189 2042 7.
1279 1979 1591 2058 „vitulum
1644 1980 1843 2043 matri
1904 1980 2041 2044 eius
2100 1985 2327 2044 natum
2370 1979 2576 2043 mirae
2619 1980 2880 2062 magni-

793 2089 1072 2170 tudinis,
1120 2090 1470 2155 candidum
1528 2090 1645 2156 sed
1703 2090 2220 2176 purpurantibus
2271 2091 2576 2171 maculis,
2638 2092 2735 2155 ita
2798 2097 2881 2155 ut

793 2204 1071 2268 haberet
1108 2203 1177 2267 in
1218 2202 1426 2268 latere
1471 2225 1601 2269 uno
1647 2203 1823 2284 ‘ave’‚
1862 2204 1930 2268 in
1974 2203 2103 2268 alio
2150 2209 2495 2269 coronam“

898 2314 984 2380 ib.
1034 2321 1091 2381 5.
1138 2320 1191 2378 1.
1281 2336 1504 2395 „rosas
1576 2316 1645 2380 in
1715 2313 2004 2381 eiusdem
2082 2310 2373 2381 mulieris
2420 2316 2645 2381 chorte
2709 2319 2874 2380 nato

795 2428 1147 2492 Aureliano
1195 2427 1405 2491 exisse
1448 2448 1850 2512 purpureas,
1916 2425 2135 2493 odoris
2179 2429 2378 2508 rosei,
2422 2423 2603 2493 floris
2648 2429 2877 2492 aurei“

895 2538 1005 2604 ib.·
1032 2545 1086 2607 5.
1134 2543 1191 2602 3.
1281 2533 1469 2619 „nam
1512 2536 1918 2623 ingrediente
1979 2560 2055 2605 eo
2104 2541 2515 2605 Antiochiam
2570 2539 2637 2604 in
2694 2539 2879 2604 vehi-

796 2651 960 2731 culo,
1008 2650 1183 2735 quod
1227 2672 1387 2736 prae
1433 2652 1697 2717 vulnere
1743 2657 1900 2717 tunc
1943 2673 2111 2736 equo
2173 2652 2402 2717 sedere
2444 2673 2577 2716 non
2623 2657 2869 2736 posset,

792 2765 888 2829 ita
931 2764 1202 2848 pallium
1261 2760 1696 2848 purpureum,
1766 2760 1942 2848 quod
1984 2765 2053 2828 in
2095 2765 2342 2829 honore
2409 2766 2549 2829 eius
2591 2786 2870 2847 pansum

796 2876 1033 2956 fuerat,
1079 2875 1323 2941 decidit
1365 2882 1440 2941 ut
1480 2897 1741 2942 umeros
1784 2877 1923 2941 eius
1958 2881 2249 2959 tegeret“

895 2989 981 3055 ib.
1027 2997 1083 3055 5.
1129 2994 1188 3053 4.
1279 2981 1384 3068 „et
1428 2981 1590 3053 ⁴cum
1653 2989 1719 3053 in
1797 3009 2034 3071 equum
2092 2984 2374 3054 transire
2432 2989 2650 3069 vellet,
2712 2990 2872 3071 quia

792 3102 1178 3167 invidiosum
1206 3103 1374 3166 'tunc
1425 3106 1569 3165 erat
1605 3100 1918 3167 vehiculis
1968 3101 2034 3164 in
2067 3102 2331 3166 civitate
2364 3102 2480 3181 uti,
2532 3122 2737 3184 equus
2769 3107 2876 3166 est

795 3214 853 3278 ei
898 3214 1313 3298 imperatoris
1348 3213 1715 3300 adplicitus,
1744 3214 1868 3299 *cui
1913 3235 2031 3297 per
2067 3211 2551 3284 festinationem
2585 3213 2870 3279 insedit“

898 3325 984 3391 ib.
1031 3332 1087 3391 5.
1136 3332 1231 3410 5..
1298 3325 1495 3406 „data
1555 3331 1655 3390 est
1712 3327 1771 3390 ei
1827 3330 2201 3410 praeterea,
2277 3348 2423 3390 cum
2481 3326 2735 3409 legatus
2787 3326 2878 3390 ad

796 3433 1033 3502 Persas
1071 3438 1261 3518 isset,
1329 3431 1564 3522 patera
1611 3429 1823 3520 qualis
1885 3439 2052 3502 sole't
2090 3430 2599 3521 imperatoribus
2644 3438 2790 3502 dari
2836 3460 2879 3502 a

795 3545 950 3631 rege
995 3549 1376 3629 Persarum,
1436 3550 1503 3613 in
1549 3572 1682 3632 qua
1726 3543 2089 3633 insculptus
2150 3555 2295 3614 erat
2340 3550 2451 3615 Sol
2499 3541 2589 3615 ⁴eo
2635 3549 2880 3615 habitu

795 3682 924 3744 quo
969 3661 1308 3727 colebatur
1367 3660 1451 3725 ab
1501 3682 1577 3727 eo
1607 3662 1867 3750 ‚templo
1930 3662 1998 3726 in
2043 3682 2172 3744 quo
2218 3668 2431 3727 mater
2475 3663 2614 3746 eius
2659 3661 2883 3727 fuerat

795 3774 1141 3840 sacerdos“

897 3887 982 3952 ib.
1043 3894 1099 3953 5.
1162 3892 1218 3950 6.
1318 3886 1639 3967 „donatus
1700 3886 1907 3951 eidem
1970 3887 2166 3951 etiam
2243 3887 2565 3952 elefantus
2621 3888 2881 3971 praeci-

791 4021 962 4083 puus
980 4049 995 4078 ,
1061 4019 1252 4081 quem
1312 3999 1421 4063 ille
1463 3999 1847 4083 imperatori
1907 3999 2175 4082 optulit,
2238 3999 2543 4083 solusque
2590 4000 2879 4065 omnium

794 4112 1091 4196 privatus
1134 4111 1525 4176 Aurelianus
1573 4109 1837 4176 elefanti
1883 4111 2181 4175 dominus
2226 4110 2389 4175 fuite‘

693 4226 874 4289 Haec
918 4216 1134 4286 omina
1188 4244 1256 4287 se
1303 4215 1652 4288 adduxisse
1709 4222 1996 4287 affirmat
2034 4222 2354 4306 Vopiscus
2416 4228 2686 4287 auctore
2731 4223 2882 4288 Cal-

485 4341 717 4404 licrate
762 4336 989 4421 Tyri0,
1053 4334 1227 4420 apud
1292 4357 1482 4419 quem
1546 4340 1812 4420 praeter
1857 4357 1964 4414 ea,
2036 4356 2203 4417 quae
2254 4337 2884 4417 commemoraverit,

484 4451 690 4516 multa
731 4447 1063 4532 superflua
1107 4447 1343 4530 legerit
1386 4447 1502 4531 (ib.
1551 4455 1608 4511 4.
1656 4453 1729 4529 23
1778 4455 1833 4513 5.
1887 4450 1967 4532 1).
