3167 5067
1366 347 1805 405 -77-

391 535 548 580 num
598 513 910 579 certiores
951 534 1080 579 non
1121 514 1374 593 fiamuS,
1422 534 1558 578 rem
1605 514 1703 578 ita
1746 533 1890 578 sese
1933 511 2180 577 habere
2210 510 2605 576 contendere
2648 531 2780 575 non

390 646 755 710 possumus.

1267 824 1755 889 Gordianus
1797 824 1910 888 III.

602 962 935 1027 Gordiano
998 961 1196 1026 tertio
1259 983 1519 1044 quoque
1584 961 1670 1026 ab
1741 961 1853 1025 illo
1912 959 2388 1025 mathematico
2434 959 2777 1042 imperium

387 1073 799 1158 praedictum
840 1079 941 1139 est
978 1073 1160 1158 (Cap.
1209 1073 1407 1139 Gord.
1454 1079 1554 1138 20.
1607 1080 1676 1154 13
1725 1072 1804 1137 cf.
1850 1093 2001 1157 pag.
2053 1074 2179 1155 76).

600 1187 793 1251 Aliud
864 1206 1052 1250 omen
1117 1186 1480 1270 reperimus
1551 1185 1727 1269 apud
1786 1184 2118 1249 Aurelium
2170 1185 2501 1249 'Victorem
2521 1235 2536 1264 ,
2606 1183 2780 1266 quod

387 1299 523 1363 iam
569 1320 770 1382 supra
816 1298 1261 1363 enarravimus
1287 1298 1496 1382 (Caes.
1526 1302 1626 1362 26.
1674 1319 1937 1377 „verum
1979 1296 2204 1362 liberis
2249 1297 2618 1380 pariturum
2661 1297 2777 1359 im-

387 1411 718 1494 perium“;
761 1409 839 1474 cf.
886 1431 1035 1494 pag.
1079 1410 1206 1493 76).

599 1520 849 1586 Ibidem
893 1522 1031 1586 eius
1076 1522 1411 1586 interitum
1449 1522 1985 1605 praenuntiatum
2031 1521 2358 1586 videmus:

809 1633 987 1698 Caes,
1031 1638 1131 1698 26.
1221 1635 1722 1717 „progressique
1757 1634 2055 1698 coniectu
2086 1633 2341 1716 longius
2386 1633 2577 1697 liberi

390 1745 726 1831 (Aurelius
750 1746 975 1811 Victor
1012 1766 1142 1810 non
1170 1749 1324 1826 tres,
1357 1746 1472 1811 sed
1506 1745 1670 1810 duos
1701 1745 1894 1810 modo
1925 1744 2291 1811 Gordianos
2325 1750 2513 1809 notos
2548 1743 2782 1824 habet3

391 1857 831 1936 Gordianum,
893 1879 1083 1939 quem
1127 1879 1245 1922 nos
1291 1858 1558 1923 tertium
1608 1857 2046 1941 appellamuS,
2104 1857 2419 1923 Gordiani
2473 1856 2666 1941 primi
2709 1855 2783 1919 fi-

385 1971 548 2034 lium
598 1990 741 2033 esse
787 1970 1144 2053 existimat)

809 2101 1068 2163 quoque
1114 2081 1358 2146 exitum
1392 2081 1888 2161 denunciavere,
1919 2081 2154 2146 'mitem
2203 2085 2400 2163 atque
2444 2079 2778 2144 innoxium

702 2193 1079 2277 praefantes
1121 2192 1292 2273 fore,
1357 2198 1431 2258 ut
1473 2193 1638 2258 illud
1680 2214 1917 2277 pecuS,
1975 2213 2096 2257 nec
2139 2192 2517 2257 diuturnum
2562 2197 2783 2256 tamen

706 2305 1204 2390 subiectumque
1247 2305 1541 2370 insidiis“

1232 2418 1246 2431 0
1300 2419 1313 2431 Ι
1368 2418 1381 2431 0
1436 2421 1443 2430 ι·

809 2530 1006 2595 Gord.
1057 2536 1156 2596 23.
1204 2535 1261 2595 2.
1353 2530 1507 2608 „sed
1541 2530 1854 2595 indicium
1891 2551 2017 2594 no1
2063 2529 2175 2594 diu
2204 2529 2588 2613 imperaturi
2620 2527 2784 2592 Gor-

705 2641 884 2706 diani
942 2642 1068 2706 hoc
1126 2640 1250 2706 fuit
1326 2640 1500 2723 quod
1564 2642 1826 2725 eclipsis
1888 2642 2050 2707 solis'
2103 2640 2281 2705 facta
2325 2645 2460 2720 est,
2524 2645 2598 2704 ut
2653 2660 2783 2703 nox

707 2754 1119 2833 crederetur,
1195 2774 1406 2837 neque
1475 2754 1614 2819 sine
1675 2752 2028 2819 luminibus
2082 2753 2373 2817 accensis
2434 2753 2783 2835 quicquam

706 2865 813 2948 agi
856 2872 1118 2950 posseti‘

602 2979 769 3041 Ante
815 2977 1057 3043 bellum
1088 2977 1422 3043 Persicum
1467 2979 1698 3062 ingens
1747 2983 1967 3043 terrae
2012 2982 2227 3042 motus
2271 2980 2455 3041 ortus
2504 2996 2782 3041 comme-

393 3092 723 3166 moratur,
782 3090 891 3171 qui
947 3091 1166 3154 nescio
1226 3111 1310 3154 an
1370 3113 1497 3155 non
1561 3090 1976 3175 praesagium
2033 3087 2330 3154 habitum
2391 3088 2478 3152 sit
2520 3088 2633 3174 (ib.
2683 3093 2782 3153 26.

394 3208 454 3281 1,
503 3202 586 3281 2).
2105 3209 2112 3215 ·

603 3313 957 3379 Praeterea
1001 3313 1259 3378 videtur
1303 3315 1460 3379 mihi
1507 3313 1806 3397 dignum,
1870 3318 1946 3378 ut
1989 3318 2563 3391 commemoretur,
2610 3312 2784 3396 quod

390 3426 799 3508 Capitolinus
846 3430 1077 3491 narrat
1114 3424 1514 3491 Gordianum
1561 3427 1880 3491 seniorem
1914 3426 2193 3509 Augusti
2222 3425 2473 3491 vultum
2521 3445 2782 3509 reprae-

389 3543 707 3618 sentasse,
754 3539 959 3603 filium
994 3538 1279 3621 Pompei,
1326 3543 1629 3622 nepotem
1676 3538 1998 3622 Scipionis
2047 3538 2343 3617 Asiatici,
2390 3558 2583 3621 quam
2629 3559 2785 3615 rem,

390 3670 567 3733 quae
623 3649 796 3732 apud
862 3650 1230 3713 Vulcatium
1291 3650 1753 3715 Terentianum
1817 3650 2175 3733 legeretur,
2239 3649 2602 3714 mirabilem
2660 3649 2787 3713 sibi

389 3762 599 3826 visam
648 3775 788 3824 esse
834 3758 1060 3842 (Gord.
1109 3764 1209 3823 21.
1241 3762 1337 3842 5);
1384 3762 1498 3825 sed
1542 3783 1665 3844 pro
1712 3762 1924 3825 omine
1967 3761 2231 3826 ,ductam
2280 3781 2421 3825 esse
2468 3782 2609 3825 eam
2656 3781 2784 3825 non

390 3872 623 3938 adiicit
667 3871 1088 3954 Capitolinus.

1139 4069 1563 4153 Pupienus
1612 4071 2035 4137 Maximus.

601 4206 891 4290 Pupieno
941 4206 1243 4287 Maximo,
1290 4210 1402 4291 qui
1448 4209 1800 4274 Gordianis
1839 4210 1906 4273 in
1936 4209 2165 4276 Africa
2200 4210 2611 4293 interemptis
2653 4231 2784 4274 una

391 4341 538 4384 cum
590 4318 862 4382 Balbino
910 4340 949 4384 a
995 4325 1225 4384 senatu
1274 4321 1632 4403 imperator
1665 4321 1879 4385 factus
1934 4319 2438 4406 est,·impe1·ium
2487 4322 2784 4404 prodigio

391 4437 720 4496 ostentum
765 4436 923 4495 erat.
1016 4431 1326 4495 Traditur
1374 4433 1547 4515 apud
1586 4433 2059 4517 Capitolinum:
