3167 5067
1308 379 1389 389 -
1482 346 1560 405 75
1656 379 1732 388 .-

756 512 841 576 ib.
892 519 990 576 31.
1043 517 1096 575 1.
1189 513 1505 590 „venienti
1571 517 1800 576 contra
1854 510 2206 574 Maximum
2269 516 2333 574 et
2382 510 2727 574 Balbinum

656 623 1008 688 Maximino
1067 647 1211 689 cum
1272 623 1442 704 filio,
1501 624 1736 688 mulier
1795 622 2119 706 quaedam
2181 622 2393 706 passis
2439 620 2728 686 crinibus

655 736 943 801 occurrit
985 735 1248 819 lugubri
1291 735 1523 801 habitu
1569 741 1637 801 et
1685 734 2103 802 exclamavit:
2171 733 2546 815 Maximini,
2588 733 2725 798 Ma-

655 847 917 928 ximini’,
977 869 1187 930 neque
1247 848 1597 931 quicquam
1644 846 1921 931 amplius
1980 847 2147 911 dixit
2197 850 2263 911 et
2305 850 2564 911 mortua
2611 850 2726 910 est.

658 958 1003 1024 videbatur
1048 961 1218 1025 enim
1265 960 1482 1025 dicere
1530 960 1839 1025 voluisse:
1884 958 2347 1023 ‘Succurrite’“

757 1070 843 1135 ib.
892 1076 990 1136 31.
1038 1078 1096 1136 2.
1187 1093 1419 1152 „canes
1481 1073 1659 1136 circa
1716 1054 2069 1135 tentorium
2126 1071 2265 1135 eius
2323 1070 2389 1133 in
2442 1068 2729 1135 secunda

656 1183 990 1249 mansione
1051 1184 1226 1248 ultra
1279 1183 1619 1249 duodecim
1679 1183 2018 1248 ulularunt
2075 1186 2142 1247 et
2200 1182 2480 1246 animam
2541 1180 2729 1264 quasi

655 1295 871 1360 flendo
930 1301 1290 1378 posuerunt
1363 1317 1442 1361 ac
1509 1296 1724 1381 prima
1788 1295 1933 1361 luce
1971 1294 2232 1360 -mortui
2295 1299 2447 1360 sunt
2498 1291 2728 1378 depre-

661 1407 886 1471 hensi“

761 1519 880 1604 ib„
917 1525 1018 1585 31.
1081 1526 1136 1584 3.
1249 1522 1424 1604 „lupi
1484 1519 1823 1603 quingenti
1881 1519 2071 1584 simul
2126 1520 2401 1602 ingressi
2458 1523 2611 1584 sunt
2667 1517 2734 1582 in

657 1651 801 1696 eam
844 1630 1075 1697 urbem
1118 1633 1185 1696 in
1231 1654 1362 1716 qua
1406 1654 1476 1697 se
1519 1620 1910 1697 Maximinus
1955 1632 2359 1697 contulerati‘

558 1743 790 1808 Omnia
835 1744 948 1827 qui
998 1745 1167 1809 scire
1211 1744 1424 1824 vellet,
1471 1745 1531 1809 ei
1573 1744 1856 1811 Cordum
1897 1766 2039 1810 esse
2081 1742 2428 1827 legendum
2472 1742 2730 1827 Capito·

351 1856 527 1920 linus
568 1855 732 1919 dicit
774 1855 888 1940 (ib.
931 1854 1030 1921 30.
1072 1858 1159 1941 4).

1135 2054 1634 2120 Maximinus
1679 2055 1964 2120 minor.

557 2191 895 2256 Maximini
942 2213 1200 2275 quoque
1238 2192 1409 2257 filius
1455 2192 1817 2277 compluria
1861 2193 2117 2275 accepit
2158 2192 2391 2256 omina.

557 2304 658 2368 Ex
702 2304 939 2387 quibus
982 2326 1213 2384 unum,
1278 2305 1452 2388 quod
1511 2306 1689 2389 patri
1740 2304 2006 2388 filioque
2058 2304 2400 2388 imperium
2446 2303 2560 2368 sed
2606 2324 2733 2366 non

346 2417 671 2481 diutinum
721 2416 1119 2495 ostenderat,
1161 2417 1292 2482 iam
1340 2413 1541 2501 supra
1580 2419 1758 2501 (pag.
1809 2419 1918 2502 70)
1966 2416 2371 2482 adduximus.

557 2528 912 2592 Praeterea
958 2529 1360 2612 Capitolinus
1405 2529 1601 2595 affert
1642 2530 1840 2595 haec:

764 2638 935 2704 Max.
1001 2646 1100 2707 30.
1161 2647 1219 2705 4.
1309 2663 1497 2721 „cum
1561 2642 1989 2724 grammatico
2045 2641 2346 2720 daretur,
2412 2639 2734 2724 quaedam

663 2773 902 2836 parens
966 2774 1086 2817 sua
1139 2753 1343 2818 libros
1399 2753 1782 2819 Homericos
1844 2775 2067 2819 omnes
2129 2774 2497 2837 purpureos
2557 2750 2738 2816 dedit

664 2865 880 2929 aureis
924 2864 1162 2930 litteris
1208 2865 1525 2949 scriptos“

766 2977 852 3041 ib.
900 2982 1000 3042 30.
1051 2984 1106 3043 5.
1198 2977 1375 3061 „ipse
1418 2977 1732 3062 puerulus
1778 2999 1925 3042 cum
1971 2977 2056 3042 ad
2099 2998 2370 3042 caenam
2413 2976 2499 3042 ab
2542 2977 2734 3041 Alex-

664 3088 869 3153 andro
929 3093 1103 3153 esset
1143 3094 1413 3172 rogatus
1470 3091 1537 3154 in
1596 3090 1805 3173 patris
1863 3090 2207 3170 honorem,
2271 3088 2446 3173 quod
2505 3088 2565 3153 ei
2625 3087 2736 3154 de-

16 3213 17 3220 ’
667 3206 839 3266 esset
880 3201 1076 3266 vestis
1123 3202 1516 3282 caenatoria,
1561 3201 1767 3285 ipsius
1812 3201 2167 3267 Alexandri
2212 3202 2505 3285 accepit“

768 3312 856 3378 ib.
902 3319 1002 3378 30.
1055 3320 1113 3378 6.
1214 3335 1400 3393 „cum
1458 3314 1674 3379 infans
1741 3318 1914 3379 esset
1978 3313 2193 3379 subito
2237 3335 2357 3397 per
2399 3313 2733 3397 publicum

665 3426 961 3490 veniente
1038 3426 1332 3491 vehiculo
1405 3426 1712 3490 Antonini
1773 3426 2094 3492 Caracalli
2111 3478 2126 3507 ‚
2205 3426 2382 3511 quod
2460 3447 2736 3491 vacuum

668 3542 829 3616 erat,
877 3538 1255 3603 conscendit
1299 3543 1366 3603 et
1409 3538 1579 3605 sedit
1624 3544 1691 3604 et
1733 3539 1841 3603 vix
1886 3560 2212 3624 aegreque
2258 3561 2299 3604 a
2343 3537 2737 3604 mulionibus

768 3760 855 3824 ib.
901 3766 1000 3825 30.
1050 3767 1104 3824 7.
1196 3785 1354 3841 „nec
1399 3763 1781 3843 defuerunt,
1837 3765 1951 3847 qui
2017 3762 2377 3828 cavendum
2419 3762 2736 3827 infantem
2829 3827 2838 3836 ,

667 3872 960 3936 dicerent
1007 3873 1362 3939 Caracallo.
1436 3880 1575 3939 tum
1620 3875 1730 3941 ille
1776 3876 1970 3942 dixit:
2016 3875 2253 3958 ‘Longe
2297 3880 2414 3955 est,
2461 3880 2536 3939 ut
2579 3875 2738 3939 mihi

666 3985 790 4049 iste
837 3984 1201 4050 succedat'i‘

567 4097 798 4161 Omina
850 4097 1108 4176 mortiS,
1170 4119 1338 4180 quae
1383 4101 1560 4182 patri
1607 4100 1831 4165 oblata
1888 4101 2052 4180 sint,
2113 4101 2310 4164 etiam
2377 4099 2464 4163 ad
2531 4099 2738 4165 filium

352 4214 659 4293 spectare
702 4214 933 4291 putata
976 4230 1117 4273 esse
1160 4211 1317 4275 mihi
1359 4211 1661 4276 videntur
1701 4194 1819 4298 (cf.
1853 4212 1938 4276 ib.
1989 4218 2087 4276 31.
2142 4218 2211 4293 l;
2256 4213 2297 4276 i.
2325 4212 2387 4276 h.
2429 4213 2624 4298 pag).

15 3637 31 4104 φ
669 3650 1059 3714 carrucariis
1101 3650 1490 3716 deturbatus
1531 3656 1670 3716 est“
