3167 5067
1235 366 1668 426 ...57-

571 534 778 598 sultus
826 554 1018 616 quem
1067 532 1406 615 expediret
1461 533 1557 597 rei
1620 532 1922 616 publicae
1965 534 2322 616 imperare,
2384 554 2642 597 versum

569 648 891 711 Graecum
936 645 1307 711 huiusmodi
1349 645 1595 711 fudisse
1642 646 1914 711 dicitur:

671 759 990 842 ‘Optimus
1036 764 1136 823 est
1166 758 1432 838 FuscuS,
1475 753 1731 824 bonus
1780 758 2003 838 Afer,
2047 759 2367 842 pessimus
2399 758 2640 822 Albus'.

570 893 650 936 ex
696 892 823 954 quo
866 871 1286 949 intellectum,
1333 871 1615 937 Fuscum
1659 871 1932 955 Nigrum
1974 870 2376 954 appellatum
2416 870 2641 934 vatici-

568 983 859 1062 natione,
939 984 1335 1048 Severum
1411 983 1725 1063 Afrum,
1803 984 2041 1049 Album
2116 1004 2267 1048 vero
2333 982 2636 1047 Albinum

569 1095 852 1160 dictum“

673 1208 796 1273 Dio
843 1209 959 1292 Ep.
1005 1209 1354 1275 LXXVIII.
1403 1216 1459 1275 8.
1509 1216 1564 1275 6.
1655 1212 1767 1277 καὶ
1822 1208 1987 1296 μετὰ
2052 1217 2261 1277 ταῦτα
2320 1207 2642 1292 αὐτοκρά-

569 1347 716 1405 τορι
776 1322 1113 1412 γενομένῳ
1188 1322 1570 1413 (Σεουήρςο)
1631 1322 1808 1390 ταῦτ’
1877 1319 2015 1389 εἶπε
2077 1320 2275 1406 (Ζεὺς
2332 1319 2368 1390 ὁ
2427 1327 2643 1409 Βῆλος

572 1430 1090 1520 ὀνομαζόμενος)
1127 1435 1465 1526 χρωμένῳ,
1512 1431 1615 1504 ὅτι

675 1544 856 1626 οἶκος
901 1547 971 1615 δέ
1021 1564 1126 1616 σοι
1171 1558 1299 1628 πᾶς
1344 1547 1617 1634 βήσεται
1660 1544 1738 1615 δι’
1790 1553 2081 1634 αἵματος.

467 1659 699 1723 Omina
742 1659 969 1724 mortis
1016 1660 1251 1725 Severo
1293 1660 1457 1725 haec
1501 1661 1926 1725 exstiterunt:

673 1772 795 1836 Dio
855 1772 971 1856 Ep.
1032 1772 1316 1837 LXXVI.
1382 1778 1478 1837 11.
1546 1778 1600 1838 1.
1704 1769 1851 1862 ᾔδει
1926 1774 1997 1841 δὲ
2057 1782 2261 1841 τοῦτο
2324 1770 2456 1856 (ὅτι
2518 1769 2643 1840 οὐκ

571 1880 1180 1971 ἀνακομισθήσεται
1238 1887 1309 1953 ἐκ
1375 1887 1806 1970 Βρεττανίας)
1861 1886 2140 1972 μα’λιστα
2197 1888 2321 1973 μὲν
2379 1887 2450 1954 ἐκ
2507 1894 2645 1953 τῶν

570 1993 869 2081 ἀστέρων
913 1994 1024 2084 ὑφ’
1083 1989 1175 2066 ὧν
1217 1998 1609 2087 ἐγεγέννητο

671 2110 756 2174 ib.
806 2114 902 2174 11.
950 2115 1005 2176 2.
1097 2106 1244 2199 ᾔδει
1305 2112 1376 2179 δὲ
1434 2114 1545 2178 καὶ
1585 2110 1764 2195 παρὰ
1813 2110 2121 2197 μάντεων
2164 2107 2470 2189 ἀκούσας.
2534 2107 2644 2177 ἀν-

572 2220 833 2308 δριάντι
905 2221 1031 2309 γὰρ
1088 2219 1299 2291 αὐτοΐ
1364 2222 1530 2311 πρὸς
1586 2234 1730 2303 ταῖς
1790 2223 2027 2304 πύλαις
2089 2219 2167 2290 δι’
2242 2213 2335 2291 ὧν
2380 2224 2646 2309 ἐκστρα-

572 2333 833 2402 τεύσειν
878 2335 1144 2421 ἔμελλεν
1190 2336 1455 2416 έστῶτι,
1517 2338 1629 2404 καὶ
1684 2335 1851 2419 πρὸς
1893 2334 2018 2422 τὴν
2061 2332 2225 2404 ὁδὸν
2264 2333 2392 2421 τὴν
2438 2336 2644 2403 έκεῖσε

52 2475 55 2586 j
573 2445 920 2531 φέρουσαν
949 2444 1416 2534 ἀποβλέποντι,
1468 2447 1758 2535 σκηπτὸς
1802 2447 2107 2536 ἐμπεσὼν
2151 2452 2302 2534 τρία
2346 2444 2477 2516 ἀπὸ
2524 2457 2649 2515 τοῦ

52 2643 53 2650 ¹
574 2555 904 2645 ὀνόματος
948 2556 1164 2628 αὐτοῦ
1199 2560 1549 2647 γράμματα
1581 2558 1937 2647 ἀπήλειψε·
1985 2562 2095 2629 καὶ
2141 2559 2251 2628 διὰ
2294 2556 2511 2638 τοῦθ’,
2564 2558 2650 2639 ὡς

52 2697 55 2766 s
573 2674 638 2738 οἱ
683 2670 950 2757 μάντεις
1000 2669 1475 2759 ἀπεφήναντο,
1531 2670 1657 2741 οὐκ
1704 2672 2034 2761 ἐπανῆκεν
2080 2669 2244 2740 ἀλλὰ
2288 2674 2399 2741 καὶ
2444 2676 2646 2763 τρίτῳ

52 2769 55 2862 l
574 2783 704 2850 ἔτει
747 2782 909 2870 μετὰ
955 2793 1158 2852 τοῦτο
1202 2784 1556 2872 μετήλλαξε

662 2897 891 2979 Spart.
927 2896 1068 2961 Sev.
1116 2902 1216 2961 22.
1268 2902 1322 2976 1,
1368 2902 1425 2961 2.
1515 2899 1694 2981 „ipse
1739 2899 2063 2962 somnavit
2109 2903 2420 2981 quattuor
2466 2898 2648 2980 aqui-

569 3008 650 3072 lis
715 3013 781 3072 et
848 3014 1172 3091 gemmato
1220 3030 1416 3074 curru
1459 3010 1881 3092 praevolante
1939 3011 2157 3075 nescio
2219 3030 2350 3092 qua
2402 3009 2650 3093 ingenti

571 3120 859 3185 humana
903 3122 1120 3205 specie
1166 3121 1250 3186 ad
1298 3121 1551 3186 caelum
1598 3144 1737 3187 esse
1787 3127 2084 3206 raptum,
2138 3143 2413 3204 cumque
2460 3143 2648 3204 rape-

573 3238 790 3312 retur,
847 3234 1179 3317 octoginta
1242 3239 1308 3299 et
1367 3255 1598 3299 novem
1646 3256 1949 3300 numeros
2010 3233 2417 3318 explicuisse,
2475 3234 2652 3298 ultra

575 3350 735 3427 quot
771 3367 973 3410 annos
1017 3367 1098 3410 ne
1143 3368 1340 3411 unum
1390 3346 1653 3429 quidem
1698 3367 1935 3412 annum
1982 3347 2173 3426 vixit,
2213 3369 2366 3412 nam
2406 3346 2491 3410 ad
2535 3347 2652 3409 im-

572 3458 825 3540 perium
872 3479 1070 3523 senex
1133 3460 1340 3541 venit3
1404 3481 1682 3542 cumque
1739 3460 1991 3543 positus
2050 3464 2222 3524 esset
2280 3459 2349 3523 in
2408 3458 2650 3523 circulo

573 3570 820 3652 ingenti
868 3592 1080 3651 aereO,
1123 3571 1234 3636 diu
1281 3571 1456 3637 solus
1503 3578 1570 3636 et
1615 3572 1967 3638 destitutus
2014 3573 2226 3651 stetit,
2280 3594 2427 3637 cum
2470 3592 2651 3636 vere·

574 3687 756 3746 retur
801 3688 1052 3762 autem,
1118 3706 1196 3748 ne
1254 3706 1572 3768 praeceps
1619 3690 1872 3765 rueret,
1933 3707 1972 3750 a
2016 3685 2168 3749 Iove
2234 3706 2303 3750 se
2348 3688 2652 3748 vocatum

575 3794 737 3859 vidit
781 3800 979 3877 atque
1024 3797 1196 3859 inter
1240 3797 1601 3862 Antoninos
1645 3797 1972 3861 locatum“

676 3907 761 3971 ib.
825 3912 923 3971 22.
985 3913 1040 3972 3.
1146 3908 1290 3987 „die
1360 3909 1747 3973 circensium
1815 3930 1963 3974 cum
2040 3914 2174 3973 tres
2255 3908 2653 3973 Victoriolae

574 4040 752 4082 more
798 4019 989 4084 solito
1036 4025 1254 4090 essent
1281 4020 1552 4084 *locatae
1596 4042 1878 4105 gypseae
1926 4042 2073 4085 cum
2115 4020 2370 4104 palmiS,
2417 4022 2651 4101 media,

576 4151 744 4212 quae
790 4131 995 4214 ipsius
1050 4133 1308 4196 nomine
1363 4132 1768 4215 adscriptum
1825 4134 2048 4198 orbem
2092 4134 2393 4214 tenebat,
2459 4139 2651 4198 vento

52 4249 55 4332 l
571 4242 707 4306 icta
755 4242 834 4307 de
878 4243 1075 4326 podio
1122 4250 1303 4308 stans
1349 4244 1594 4309 decidit
1640 4251 1706 4310 et
1749 4246 1930 4310 humi
1975 4245 2306 4309 constitit“

52 4359 55 4390 l
676 4354 762 4418 ib.
824 4360 923 4419 22.
989 4361 1047 4420 4.
1147 4361 1338 4440 „post
1399 4379 1657 4422 murum
1717 4357 1893 4441 apud
1952 4356 2193 4422 vallum
2256 4357 2523 4422 missum
2585 4359 2653 4422 in

575 4465 903 4532 Brittania
965 4490 1112 4535 cum
1178 4469 1263 4534 ad
1332 4469 1699 4553 proximam
1760 4470 2159 4534 mansionem
2217 4470 2463 4535 rediret
2523 4492 2653 4535 non
