3167 5067
1478 380 1735 445 --.60
1829 412 1906 422 —

814 548 1242 612 constitutae:
1314 569 1394 612 ne
1455 547 1581 611 hoc
1629 568 1815 612 omen
1859 551 2051 630 pater
2096 545 2346 624 abnuit,
2392 545 2583 609 iussit
2628 545 2897 627 aquilas

813 659 901 723 ali
946 665 1013 723 et
1057 659 1404 743 diligenter
1448 659 1703 723 curari“

914 771 1000 836 ib.
1043 780 1099 837 5.
1145 779 1202 838 9.
1291 772 1611 851 „accessit
1652 792 1874 850 omen,
1920 770 2126 853 quod,
2172 792 2317 835 cum
2364 770 2554 854 pueri
2600 770 2741 834 eius
2787 770 2894 833 fa·

812 883 1027 949 miliae
1074 884 1346 949 russulis
1399 882 1687 948 fasciolis
1734 882 2198 966 inligarentur,
2259 883 2435 966 quod
2492 882 2664 947 forte
2708 882 2896 947 lotae

812 1002 1011 1079 atque
1055 997 1224 1061 udae
1254 1003 1471 1061 essent
1498 996 1798 1061 russulae
1829 995 2158 1075 fasciolae,
2205 1016 2369 1078 quas
2408 1000 2621 1060 mater
2651 1017 2897 1079 praeg-

810 1130 973 1173 nans
1016 1114 1401 1193 paraverat,
1445 1129 1780 1192 purpurea
1821 1108 2051 1172 matris
2103 1107 2414 1191 inligatus
2477 1112 2578 1172 est
2636 1107 2895 1172 fascea:

811 1220 981 1284 unde
1025 1220 1120 1285 illi
1148 1222 1290 1285 ioco
1324 1221 1596 1285 nutricis
1629 1221 1826 1285 etiam
1857 1219 2114 1304 Porfyri
2156 1241 2391 1285 nomen
2418 1220 2695 1284 inditum
2745 1225 2893 1284 esti‘

708 1332 924 1397 Etiam
969 1333 1100 1397 alia
1145 1334 1332 1417 signa
1359 1333 1617 1417 imperii
1656 1331 1865 1397 futuri
1895 1332 2096 1397 fuisse
2133 1333 2536 1417 Capitolinus
2580 1332 2896 1397 affirmat.

709 1446 791 1510 Se
851 1445 1191 1510 victoriam
1252 1445 1642 1528 adepturum
1702 1466 1844 1510 esse
1919 1446 1987 1510 in
2045 1445 2218 1511 bello
2282 1451 2512 1511 contra
2573 1446 2897 1511 Severum

502 1557 791 1639 speravit
836 1557 1107 1623 Albinus
1152 1579 1234 1623 ex
1277 1558 1403 1623 hoc
1447 1558 1747 1623 oraculo:

909 1670 995 1735 ib.
1044 1677 1101 1736 5.
1149 1676 1208 1750 4,
1256 1678 1312 1735 5.
1402 1690 1611 1753 „quae
1641 1676 1861 1735 tamen
1886 1672 1953 1735 in
1983 1671 2226 1754 templo
2261 1670 2578 1754 Apollinis
2613 1670 2900 1736 Cumani

810 1781 894 1846 ab
941 1783 1168 1847 eodem
1213 1783 1429 1866 posita
1457 1783 1590 1846 iam
1634 1783 1897 1847 tribuno
1945 1783 2055 1847 diu
2085 1783 2285 1848 fuisse
2318 1783 2642 1861 dicuntur,
2691 1782 2895 1865 quod,

810 1915 956 1959 cum
999 1894 1135 1959 illic
1181 1901 1422 1959 sortem
1468 1895 1549 1959 de
1594 1894 1731 1959 fato
1773 1916 1891 1960 suo
1936 1895 2227 1975 tolleret,
2292 1895 2394 1959 his
2450 1895 2745 1960 versibus
2795 1895 2891 1958 ei-

809 2006 955 2071 dem
1001 2007 1240 2072 dicitur
1284 2028 1427 2072 esse
1472 2029 1888 2091 responsum:

907 2120 1127 2206 [Verg.
1151 2121 1304 2184 Aen.
1337 2119 1442 2185 VI.
1469 2121 1815 2205 857—58].
1905 2120 2029 2184 Hic
2072 2141 2209 2184 rem
2241 2120 2601 2183 Romanam
2636 2140 2883 2202 magno

996 2231 1306 2296 turbante
1351 2231 1637 2296 tumultu

913 2344 1114 2408 Sistet
1159 2364 1376 2425 equeS,
1422 2348 1671 2409 sternet
1716 2344 1967 2409 Poenos
2015 2344 2408 2427 Gallumque
2451 2343 2783 2409 rebellem.

809 2460 876 2520 et
939 2456 1005 2519 in
1090 2454 1305 2519 Gallia
1380 2455 1644 2538 quidem
1718 2478 1864 2520 eum
1941 2456 2180 2521 multas
2253 2461 2479 2539 gentes
2556 2456 2893 2521 domuisse

809 2573 1083 2632 constat.
1146 2567 1287 2650 ipse
1333 2574 1550 2633 autem
1597 2569 2057 2652 suspicabatur
2115 2569 2196 2633 de
2242 2568 2481 2633 Severo
2527 2568 2652 2633 sibi
2694 2590 2893 2651 prae·

809 2679 1055 2744 dictum
1103 2679 1385 2745 ‘Sternet
1426 2681 1716 2760 Poenos',
1764 2681 1938 2763 quod
1982 2681 2334 2764 Septimius
2380 2680 2538 2745 Afer
2582 2685 2798 2745 essetfi‘

707 2791 806 2856 Ad
853 2793 1158 2857 Albinum
1214 2813 1471 2875 quoque
1535 2793 1880 2876 spectabat
1948 2793 2111 2857 illud
2171 2793 2506 2858 oraculum
2566 2791 2893 2876 Apollinis

499 2903 830 2986 Delphici:

911 3016 1232 3100 ‘Optimus
1274 3023 1376 3081 est
1424 3016 1687 3097 FuscuS,
1728 3017 1937 3083 bonus
1985 3017 2161 3097 Afer,
2203 3018 2580 3101 pessimus
2627 3017 2767 3081 Alb
2784 3018 2891 3082 us'

499 3128 742 3212 (Spart.
791 3128 933 3211 Nig.
979 3135 1036 3195 8.
1086 3135 1139 3209 l,
1188 3134 1259 3211 23
1303 3130 1382 3194 cf.
1427 3151 1574 3214 pag.
1625 3136 1705 3195 56
1752 3135 1819 3194 et
1864 3132 2001 3214 57),
2061 3151 2141 3194 ex
2203 3151 2331 3213 quo
2376 3151 2568 3194 versu
2613 3128 2892 3194 Albinus

497 3240 707 3305 noluit
757 3241 842 3305 ad
903 3262 972 3305 se
1019 3241 1286 3306 trahere
1342 3242 1680 3325 ‘pessimus
1730 3242 1971 3321 Albus’,
2033 3243 2147 3307 sed
2190 3241 2418 3307 ‘bonus
2470 3241 2663 3321 Afer',
2708 3242 2893 3324 quod

500 3358 674 3417 esset
718 3353 1230 3418 Hadrumetinus
1277 3354 1458 3438 (Cap.
1504 3353 1648 3419 Alb.
1701 3359 1755 3418 1.
1801 3356 1888 3438 4).

708 3464 924 3529 Albini
1001 3465 1303 3530 interitus
1378 3466 1851 3531 ostendebatur
1917 3468 2191 3545 Severo,
2268 3488 2414 3531 cum
2481 3467 2538 3531 is
2611 3466 2891 3549 ancipiti

499 3575 711 3640 Marte
756 3581 986 3640 contra
1032 3577 1336 3642 Albinum
1377 3583 1734 3661 pugnaret:
2728 3656 2733 3658 λ

845 3683 850 3688 ’
912 3688 1066 3771 Cap.
1132 3689 1273 3753 Alb.
1334 3697 1390 3755 9.
1454 3695 1510 3757 2.
1617 3690 1951 3773 „Denique
2019 3712 2165 3754 cum
2227 3679 2543 3755 sollicitus
2603 3710 2892 3772 augures

810 3800 1197 3880 consuleret,
1258 3823 1643 3885 responsum
1695 3801 1791 3866 illi
1836 3808 1968 3882 est,
2031 3810 2106 3866 ut
2168 3802 2326 3867 dicit
2367 3802 2615 3866 Marius
2675 3801 2891 3865 Maxi·

809 3934 982 3992 mus,
1035 3918 1379 3978 venturum
1427 3914 1688 3996 quidem
1734 3915 1801 3977 in
1842 3920 2169 3997 potestate
2215 3915 2354 3979 eius
2402 3913 2726 3992 Albinum,
2772 3914 2890 3978 sed

809 4046 936 4089 non
979 4026 1194 4089 vivum
1238 4047 1359 4090 nec
1403 4031 1749 4090 mortuum.
1827 4025 2002 4107 quod
2045 4032 2111 4091 et
2155 4026 2401 4090 factum
2452 4031 2589 4089 est“
2637 4025 2887 4109 (Spart.

809 4136 950 4231 Sev.
1002 4142 1098 4203 10.
1147 4143 1219 4219 73
1269 4136 1348 4202 cf.
1393 4160 1540 4221 pag.
1591 4139 1717 4221 55).
