3167 5067
1271 388 1701 448 ...59-

614 555 1092 643 στρατιωτικὸν
1170 556 1391 642 ἷζήσας
1455 557 1559 622 ἐπὶ
1635 564 1963 622 τοσοῦτον
2037 554 2367 639 ἐπέμεινε,
2445 556 2678 635 καίπερ

610 669 1174 757 ἀποσοβούμενος,
1226 666 1387 735 ὥστε
1433 670 1543 735 καὶ
1584 666 1836 734 &excavat

712 785 823 850 καὶ
865 783 1162 869 μέλισσαι
1207 785 1405 867 κηρία
1450 782 1601 864 περὶ
1648 778 1728 846 τὰ
1794 789 2031 865 σημεῖα
2088 776 2168 844 τὰ
2222 774 2681 863 στρατιωτικά,

610 895 725 975 τάς
768 921 837 961 τε
885 892 1145 972 εἰκόνας
1189 890 1403 960 αὐτοῦ
1444 892 1745 979 μάλιστα,
1792 891 2292 977 περιέπλασσον.

511 1009 723 1072 Etiam
785 985 1170 1070 adducenda
1230 1010 1382 1070 sunt
1439 1005 1564 1070 hoc
1614 1005 1757 1068 loco
1820 1004 1934 1067 illa
1990 1003 2323 1086 prodigia,
2386 1021 2553 1084 quae
2611 1005 2684 1063 ut

293 1124 540 1186 Severo
602 1121 937 1184 victoriam
1004 1120 1099 1182 ita
1174 1117 1373 1200 Nigro
1435 1118 1771 1181 interitum
1846 1116 2212 1198 significare
2275 1113 2682 1190 videbantur,

293 1256 468 1318 quae
524 1235 655 1297 iam
708 1254 907 1315 supra
953 1232 1324 1295 accuratius
1371 1230 1859 1312 descripsimus,
1909 1229 2053 1292 dico
2099 1228 2417 1291 somnium
2466 1246 2679 1289 sacer-

292 1348 504 1425 dotis,
581 1347 691 1428 qui
753 1345 1075 1408 hominem
1139 1344 1392 1426 nigrum
1453 1347 1829 1427 pereuntem
1904 1347 2023 1424 per
2086 1341 2370 1423 quictem
2429 1338 2683 1402 viderat

292 1460 451 1543 (Dio
496 1460 608 1540 Ep.
655 1457 940 1521 LXXIV.
991 1462 1046 1520 8.
1099 1461 1151 1535 l,
1201 1462 1270 1536 23
1313 1477 1458 1540 pag.
1510 1458 1647 1539 55),

508 1577 573 1634 et
618 1574 1075 1652 tempestatem
1107 1569 1277 1632 inter
1307 1590 1592 1651 pugnam
1631 1574 1861 1646 ortam,
1910 1590 2078 1650 quae
2116 1566 2482 1631 Severianis
2521 1563 2685 1626 mili-

294 1684 477 1747 tibus
541 1682 1005 1759 emolumentO,
1070 1680 1399 1763 Nigrianis
1458 1680 1695 1744 damno
1755 1680 1879 1744 fuit
1941 1680 2091 1762 (Dio
2137 1679 2250 1761 Ep.
2296 1676 2577 1740 LXXIV.
2629 1680 2684 1738 7.

295 1800 355 1875 6,
404 1801 476 1876 73
527 1795 763 1859 Herod.
810 1793 919 1857 III.
963 1792 1266 1874 3.'6—-8;
1315 1792 1392 1857 cf.
1437 1814 1582 1877 pag.
1632 1800 1714 1858 54
1759 1798 1824 1857 et
1870 1793 1979 1874 55)

508 1913 575 1972 et
636 1907 809 1989 quod
870 1926 1089 1989 pugna
1150 1925 1225 1968 eo
1285 1905 1429 1969 loco
1491 1906 1836 1970 commissa
1898 1906 2016 1982 sit,
2088 1924 2216 1986 quo
2276 1904 2402 1965 iam
2469 1901 2689 1984 priore

294 2025 516 2084 aetate
550 2020 892 2095 exercituS,
938 2019 1049 2099 qui
1096 2019 1179 2083 ab
1218 2019 1553 2082 occidente
1600 2022 1885 2097 venerat,
1934 2017 2014 2081 de
2058 2016 2261 2098 copiis
2303 2014 2385 2078 ab
2435 2014 2683 2078 oriente

290 2133 610 2216 profectis
655 2131 994 2195 victoriam
1039 2131 1475 2215 reportaverit
1518 2130 1783 2213 (Herod.
1831 2129 1942 2193 ΙΙΙ.
1992 2136 2048 2192 4.
2100 2134 2171 2208 33
2237 2127 2314 2190 cf.
2363 2146 2509 2209 pag.
2560 2127 2686 2210 55).

1112 2329 1459 2394 Clodius
1503 2328 1875 2393 Albinus,

509 2469 734 2532 Clodio
769 2468 1001 2532 Albino
1037 2466 1397 2550 compluria
1441 2469 1643 2548 signa,
1686 2467 1963 2531 maxime
1987 2466 2264 2548 imperii,
2297 2463 2476 2527 facta
2519 2469 2685 2528 sunt.

301 2584 458 2646 Eius
518 2581 958 2665 principatum
1018 2578 1431 2662 significabat
1492 2601 1690 2644 unum
1757 2600 1835 2643 ex
1891 2579 2019 2643 illis
2076 2578 2286 2642 tribus
2347 2576 2688 2654 sideribus,

303 2716 471 2777 quae
515 2693 767 2757 Iuliano
814 2692 1187 2756 immolante
1236 2697 1387 2756 sunt
1430 2694 1569 2755 visa
1617 2692 1768 2775 (Dio
1816 2692 1931 2774 Ep.
1980 2689 2269 2754 LXXIII.
2323 2695 2418 2753 14.
2468 2696 2538 2769 43
2608 2688 2685 2751 cf.

303 2828 449 2889 pag.
502 2812 575 2870 51
630 2810 696 2869 et
742 2807 868 2888 52).
961 2805 1313 2868 Praeterea
1356 2804 1521 2867 haec
1564 2804 1821 2886 accepit
1866 2805 2118 2867 omina:
2213 2806 2218 2810 ’
2432 2882 2438 2887 .

722 2917 927 3000 Capit.
964 2918 1173 2981 Albin.
1202 2924 1280 2982 ¹5.
1328 2922 1383 2980 3.
1476 2939 1663 2995 „nam
1712 2922 1778 2981 et
1823 2916 1941 2980 bos
1988 2915 2175 2979 albus
2211 2914 2558 2998 purpureis
2593 2912 2689 2977 'ad

615 3031 874 3113 plenum
926 3030 1208 3094 colorem
1260 3029 1566 3093 cornibus
1612 3034 1804 3092 natus
1852 3033 1989 3092 est“

717 3142 802 3206 ib.
853 3150 907 3207 5.
956 3148 1012 3222 6,
1062 3146 1117 3204 7.
1225 3141 1387 3220 „fuit
1455 3147 1520 3205 et
1595 3140 1773 3205 aliud
1834 3142 2087 3223 signum
2152 3139 2356 3204 futuri
2414 3139 2688 3221 imperii.

615 3276 765 3318 nam
814 3277 957 3318 cum
1005 3254 1414 3318 Caesareana
1460 3254 1712 3317 familia
1756 3253 1881 3318 hoc
1930 3253 2213 3336 speciale
2244 3252 2570 3331 habuerit,
2616 3257 2692 3317 ut

615 3367 871 3448 parvuli
943 3366 1170 3430 domus
1230 3367 1368 3431 eius
1437 3367 1503 3430 in
1570 3367 1955 3431 testudineis
2029 3366 2227 3430 alveis
2296 3366 2692 3444 lavarentur,

615 3486 770 3542 nato
812 3479 1132 3543 infantulo
1177 3479 1441 3543 testudo
1486 3480 1714 3561 ingens
1761 3480 1935 3562 patri
1981 3480 2121 3544 eius
2168 3500 2434 3543 munere
2477 3480 2690 3562 pisca-

617 3594 776 3656 toris
823 3593 1047 3656 adlata
1094 3598 1219 3656 est:
1285 3592 1459 3674 quod
1520 3592 1629 3655 ille
1674 3592 1869 3656 homo
1914 3592 2246 3656 litteratus
2289 3612 2476 3655 omen
2522 3591 2691 3654 acci-

616 3705 800 3785 piens
861 3710 926 3768 et
983 3704 1376 3769 testudinem
1442 3704 1724 3768 libenter
1798 3706 2053 3788 accepit
2133 3710 2199 3768 et
2274 3725 2417 3767 eam
2476 3703 2693 3766 curari

616 3817 806 3881 iussit
852 3824 1050 3899 atque
1096 3816 1415 3880 infantulo
1464 3816 1547 3879 ad
1609 3816 2094 3881 excaldationes
2138 3815 2422 3899 pueriles
2467 3815 2692 3893 dicari,

617 3929 1092 3994 nobilitandum
1140 3929 1337 3992 etiam
1381 3928 1534 3992 hinc
1581 3935 1890 4010 sperans“

718 4042 804 4105 ib.
853 4049 907 4106 5.
957 4048 1012 4106 8.
1105 4063 1291 4120 „cum
1336 4062 1558 4104 rarum
1605 4046 1794 4120 esset,
1844 4040 2107 4123 aquilas
2138 4041 2206 4104 in
2251 4040 2353 4105 his
2396 4041 2558 4105 locis
2602 4042 2692 4103 vi-

618 4153 791 4232 deri,
844 4155 909 4216 in
977 4153 1212 4236 quibus
1267 4158 1459 4216 natus
1522 4159 1622 4216 est
1680 4153 1977 4231 Albinus,
2040 4154 2316 4236 septima
2389 4154 2527 4217 eius
2589 4152 2692 4216 die

616 4265 780 4330 hora
827 4267 1118 4344 convivii,
1166 4265 1342 4347 quod
1386 4264 1753 4328 celebritati
1797 4266 1985 4347 pueri
2032 4264 2490 4348 deputabatur,
2544 4287 2689 4328 cum

619 4379 677 4440 ei
736 4378 970 4441 fierent
1029 4379 1320 4456 nomina,
1392 4383 1643 4460 septem
1699 4377 1958 4460 aquilae
2014 4377 2328 4460 parvulae
2386 4377 2465 4442 de
2523 4377 2692 4441 nidis

618 4488 879 4556 adlatae
956 4495 1104 4559 sunt
1177 4495 1242 4555 et
1317 4490 1505 4575 quasi
1563 4489 1649 4554 ad
1721 4490 1934 4557 iocum
2001 4489 2175 4553 circa
2242 4511 2441 4554 cunas
2504 4490 2692 4584 pueri
