3167 5067
1528 333 1961 393 ...22-

968 505 1255 579 „tactum
1303 500 1381 564 de
1427 499 1609 564 caelo
1654 506 2138 565 monumentum
2184 502 2383 567 Drusi
2425 502 2673 586 patris“

969 612 1237 692 „eodem
1277 632 1447 676 anno
1494 633 1574 677 ex
1608 614 1892 679 omnium
1923 615 2426 697 magistratuum
2459 634 2695 697 genere
2738 615 2960 698 pleri-

866 746 994 808 que
1038 730 1315 790 mortem
1360 724 1700 790 obierant“
1745 726 1897 809 (Dio
1940 725 2071 791 LX.
2119 732 2217 793 35.
2271 733 2338 791 1:
2399 723 2503 794 ὅτι
2548 726 2613 807 ἐξ
2658 723 2963 794 ἁπασῶν

865 846 1005 905 τῶν
1056 833 1297 928 ,ἀρχῶν
1356 833 1449 917 εἷς
1505 833 1618 923 ἀφ’
1686 837 1962 924 ἑκάστης
2023 837 2467 925 ἐτελεύσησεν.
2572 837 2722 903 Tac.
2789 860 2958 902 ann.

867 948 1009 1013 XII.
1038 953 1138 1014 64.
1184 947 1737 1030 „numerabant-ur
1764 951 1936 1015 inter
1970 955 2228 1017 ostenta
2251 950 2623 1015 deminutus
2653 950 2958 1015 omnium

864 1062 1366 1145 magistratuum
1428 1083 1738 1128 numerus
1756 1113 1771 1141 ,
1836 1067 2218 1145 quaestore,
2273 1062 2499 1141 aedili,
2545 1062 2812 1127 tribuno
2872 1082 2960 1126 ac

865 1180 1175 1259 praetore
1222 1179 1288 1240 et
1340 1175 1604 1240 consule
1648 1162 1895 1259 paucos
1939 1175 2116 1240 intra
2159 1196 2412 1249 menses
2458 1173 2859 1257 defunctis“)

971 1287 1095 1352 Dio
1138 1286 1272 1352 LX.
1320 1291 1420 1353 35.
1471 1293 1525 1352 1.
1579 1285 1786 1368 ψεκὰς
1845 1284 1887 1374 ἦ
1946 1288 2325 1375 αἱματώδης
2367 1285 2405 1355 ὅ
2450 1312 2519 1355 τε
2572 1286 2871 1374 σκηπτὸς
2918 1282 2957 1354 ὁ

868 1400 935 1480 ἐς
980 1397 1061 1466 τὰ
1105 1397 1529 1485 δορυφορικὰ
1575 1408 1813 1486 σημεῖα
1874 1400 2179 1487 ἐμπεσών
2236 1401 2416 1483 (Zon.
2466 1400 2575 1464 XI.
2628 1406 2740 1481 11;
2787 1400 2953 1464 Tac.

867 1533 1013 1578 ann.
1059 1511 1200 1577 ΧΠ.
1248 1516 1330 1577 64
1387 1511 1614 1595 „signa
1675 1532 1754 1577 ac
1810 1513 2096 1578 tentoria
2156 1512 2435 1578 militum
2497 1512 2635 1595 igni
2674 1511 2955 1577 caelesti

870 1626 1161 1707 arserei‘)

969 1737 1082 1804 καὶ
1142 1733 1184 1823 ἦ
1243 1732 1616 1823 αὐτόματος
1677 1744 1802 1805 τοῦ
1857 1745 2031 1804 ναοῦ
2085 1745 2210 1804 τοῦ
2260 1735 2427 1816 Διὸς
2470 1746 2597 1806 τοῦ
2644 1740 2951 1805 Νικαίου

866 1843 1116 1930 ἄνοιξις

970 1959 1048 2028 τό
1091 1985 1160 2028 τε
1203 1968 1452 2046 σμῆνος
1496 1958 1574 2028 τὸ
1622 1960 1695 2028 ἐν
1719 1941 1831 2052 4τῷ
1866 1960 2293 2052 στρατοπέδῳ
2328 1961 2717 2047 συστραφέν
2758 1960 2948 2046 (Tac.

867 2092 1014 2137 ann.
1047 2071 1189 2136 XII.
1224 2077 1306 2138 64
1353 2071 1653 2155 „fastigio
1701 2072 2004 2156 Capitolii
2044 2093 2316 2138 examen
2361 2074 2583 2156 apium
2627 2073 2943 2157 insedit“)

556 2189 920 2270 praeterea,
968 2205 1137 2268 quae
1181 2204 1383 2268 supra
1424 2185 1944 2266 memoravimus,
1993 2184 2139 2249 duo,
2231 2244 2235 2248 ⁴

971 2296 1122 2361 Tac.
1167 2317 1314 2362 ann.
1357 2296 1499 2362 XII.
1550 2302 1665 2362 64:
1729 2296 2077 2377 „biformes
2120 2297 2452 2362 hominum
2495 2302 2765 2381 partus“

971 2413 1080 2488 „et
1141 2407 1276 2474 suis
1334 2407 1540 2473 fetum
1602 2408 1849 2474 editum
1866 2460 1881 2490 ‚
1940 2409 2046 2474 cui
2106 2410 2503 2494 ancipitrum
2555 2428 2805 2492 ungues
2843 2410 2945 2474 in-

867 2525 1121 2588 essenti‘

764 2636 944 2713 Quae
990 2633 1168 2717 apud
1211 2633 1533 2698 Zonaram
1574 2632 2008 2713 inveniuntur,
2053 2635 2185 2698 iam
2225 2632 2634 2699 adduximus.

762 2746 956 2830 Apud
1000 2747 1335 2811 Aurelium
1382 2746 1712 2812 Victorem
1757 2745 1965 2831 (Caes.
2014 2755 2072 2825 4,
2115 2746 2287 2829 Epit.
2320 2746 2426 2829 11)
2473 2746 2749 2829 legimus
2793 2768 2941 2828 reg-

558 2851 758 2926 nante
820 2859 1093 2924 Claudio
1151 2858 1542 2924 Phoenicem
1605 2878 1746 2923 esse
1802 2858 2013 2923 visum
2067 2858 2136 2921 in
2194 2861 2509 2943 AegyptO.
2599 2858 2729 2923 Sed
2791 2880 2942 2924 cum

556 2972 682 3037 Dio
744 2970 997 3054 (LVIII.
1046 2976 1145 3036 27.
1198 2977 1269 3052 13
1313 2971 1465 3035 Zon.
1509 2969 1620 3035 XI.
1669 2970 1772 3052 3),
1831 2970 2097 3035 Tacitus
2143 2973 2315 3056 (ann.
2367 2971 2471 3036 VI.
2522 2973 2633 3056 28)
2697 2970 2942 3054 aliique

555 3083 826 3152 tradant
887 3083 1149 3149 Tiberio
1210 3083 1574 3168 imperante
1649 3082 1832 3146 illam
1894 3083 2222 3148 volucrem
2292 3104 2433 3149 esse
2502 3087 2937 3167 conspectam,

557 3198 743 3262 cuius
787 3196 1118 3263 adventus·
1152 3195 1415 3261 Tiberio
1476 3201 1753 3261 mortem
1807 3195 2176 3279 significare
2219 3196 2565 3262 videbatur
2610 3196 2762 3280 (Dio
2805 3195 2941 3279 ib.),

558 3329 688 3374 non
747 3309 816 3374 in
877 3309 969 3374 eis
1028 3308 1351 3373 ominibus
1368 3358 1383 3388 ,
1446 3328 1617 3391 quae
1660 3306 1916 3373 Claudii
1976 3308 2314 3372 interitum
2359 3307 2738 3387 ostendant,
2797 3328 2940 3372 eam

485 3462 487 3464 ·
554 3420 786 3486 haberi
812 3442 1005 3505 posse
1050 3420 1356 3499 arbitror,
1400 3420 1791 3504 praesertim
1838 3442 1983 3484 cum
2030 3419 2208 3502 apud
2234 3418 2569 3483 Aurelium
2608 3420 2939 3485 Victorem

555 3533 749 3599 modo
787 3533 1068 3598 volucris
1113 3532 1464 3599 adventum
1520 3538 1953 3597 memoratum
2009 3530 2344 3596 videamus
2407 3551 2620 3613 neque
2678 3530 2939 3616 compe·

556 3647 823 3727 riamus,
867 3666 1023 3710 num
1066 3645 1140 3712 in
1179 3644 1542 3729 praesagiis
1585 3645 1817 3710 mortis
1859 3648 2240 3708 numeratus
2287 3643 2389 3710 sit.

1630 3841 1873 3920 Ner0.

763 3981 910 4046 Non
952 4001 1165 4064 pauca
1202 3981 1390 4048 nobis
1436 3986 1789 4047 occurrunt
1846 3982 2028 4065 apud·
2067 3981 2419 4064 scriptores
2464 3980 2713 4059 omina,
2773 4000 2941 4063 quae

558 4094 642 4159 ad
673 4092 953 4160 Neronis
999 4099 1066 4159 et
1106 4095 1453 4179 imperium
1499 4099 1565 4159 et
1604 4093 1901 4158 facinora
1944 4097 2011 4157 et
2036 4092 2286 4157 obitum
2317 4091 2612 4157 futurum
2643 4098 2940 4176 spectare

555 4205 966 4272 videbantur.

762 4319 943 4385 Inter
989 4320 1206 4384 omina
1248 4320 1508 4406 imperii
1548 4319 1715 4383 haec
1760 4323 1912 4383 sunt
1956 4317 2415 4382 enumeranda.
