3167 5067
1259 314 1338 325 ..-
1427 281 1510 341 89
1603 313 1681 324 .-

282 451 477 516 Cuius
518 450 616 516 rei
657 469 921 514 causam
964 469 1105 514 esse
1149 448 1482 528 existim0,
1530 446 1707 530 quod
1750 445 1914 527 illis,
1972 448 2086 530 qui
2136 447 2325 530 quasi
2366 445 2660 529 legitimo

278 564 419 629 iure
448 568 860 648 posterorum
887 563 1341 640 successerint,
1387 560 1673 625 ominum
1714 559 2110 625 auctoritate
2154 558 2242 623 ad
2267 556 2659 625 firmandum

276 696 551 759 regnum
608 695 740 741 non
798 694 962 759 opus
1017 672 1234 739 fuerit.
1324 671 1511 753 Quod
1571 663 1871 738 Tiberius
1926 670 2278 738 admodum
2333 671 2548 749 multa
2591 674 2658 756 (7

277 789 429 874 [9]),
464 788 752 873 accepit,
813 786 1029 852 nescio
1089 807 1174 852 an
1216 784 1327 851 ille
1383 786 1594 869 magis
1651 783 1947 870 aequalis
1992 788 2059 850 et
2102 785 2318 850 socius
2363 784 2658 868 Augusti,

275 902 387 985 qui
430 923 561 968 una
622 922 769 966 cum
826 920 904 966 eo
954 899 1300 983 imperium
1347 899 1795 979 constituerit,
1856 918 2053 981 quam
2116 898 2256 962 eius
2301 917 2658 976 successor,

178 996 192 1011 ’
270 1013 539 1080 habitus
583 1013 687 1079 sit.
778 1011 1030 1079 Galbae
1075 1010 1159 1077 ob
1202 1032 1348 1077 eam
1408 1011 1691 1077 maxime
1738 1031 2037 1090 causam,
2098 1013 2175 1075 ut
2235 1009 2496 1094 opinor,
2557 1014 2660 1075 tot

273 1126 532 1211 imperii
576 1126 780 1211 signa,
831 1130 902 1191 11
955 1125 1096 1210 (18)
1140 1123 1321 1191 facta
1362 1123 1747 1205 traduntur,
1794 1122 1970 1207 quod
2009 1122 2257 1207 primus
2300 1122 2401 1187 vir
2442 1121 2659 1206 priva-

267 1243 396 1319 tus,
442 1243 518 1304 ut
558 1240 656 1304 ita
694 1238 907 1303 dicam
929 1287 944 1318 ,
988 1234 1220 1317 fuerit,
1283 1237 1396 1320 qui
1440 1236 1722 1321 arripuit
1764 1235 2239 1321 principatum,
2302 1254 2512 1319 usque
2573 1235 2661 1300 ad

267 1349 432 1417 illud
477 1355 736 1435 tempus
780 1371 820 1416 a
865 1354 1056 1433 gente
1101 1348 1270 1414 Iulia
1287 1400 1302 1430 ,
1358 1348 1508 1414 Iulii
1551 1349 1853 1416 Caesaris
1898 1354 1966 1415 et
2009 1348 2286 1433 Augusti
2329 1349 2658 1434 progenie,

266 1462 629 1529 obtentum.
720 1462 973 1528 Nescio·
1004 1482 1088 1527 an
1123 1461 1298 1558 apud
1335 1461 1776 1528 Alexandrum
1805 1460 2115 1527 Severum
2145 1461 2391 1527 idcirco
2433 1465 2659 1527 tantus

263 1576 554 1641 ominum
596 1575 857 1660 imperii
898 1595 1224 1654 numeruS‚
1271 1578 1380 1655 21,
1427 1573 1919 1640 animadversus
1963 1575 2080 1655 sit,
2127 1574 2305 1657 quod
2348 1573 2659 1657 aequa-les

262 1688 760 1773 concupiverint
802 1687 986 1752 illum
1023 1688 1339 1772 optimum
1383 1691 1450 1752 et
1494 1687 1904 1752 carissimum
1935 1687 2402 1772 imperatorem
2444 1686 2656 1752 virum

261 1801 643 1881 existimari,
695 1800 800 1866 cui
841 1799 946 1865 dei
984 1801 1264 1866 maxime
1307 1799 1578 1885 propitii
1621 1798 1899 1865 fuissent
1920 1800 1991 1884 1).

474 1912 631 1979 Cum
682 1934 723 1979 a
774 1913 1129 1978 Maximino
1173 1934 1380 1996 usque
1439 1912 1524 1977 ad
1571 1912 2049 1979 Diocletianum
2088 1912 2294 1979 multo
2340 1912 2655 1998 pauciora

255 2025 677 2092 inveniantur
734 2025 982 2106 omina,
1027 2045 1225 2108 quam
1269 2025 1601 2109 prioribus
1646 2026 1999 2092 Caesarum
2043 2025 2468 2110 temporibus,
2514 2026 2653 2110 dig-

254 2125 416 2204 num
462 2142 826 2204 memoratu
873 2139 989 2216 est,
1035 2137 1209 2220 quod
1255 2136 1540 2222 plurima
1584 2138 1771 2222 signa
1815 2138 2091 2222 imperii,
2141 2144 2251 2219 10,
2301 2145 2655 2205 occurrunt

254 2250 443 2335 apud
485 2249 954 2330 Aurelianum,
985 2250 1450 2334 imperatorem
1493 2251 1847 2316 maximum
1865 2301 1881 2331 ,
1942 2250 2048 2315 cui
2102 2255 2373 2335 propter
2415 2252 2654 2317 merita

253 2364 329 2428 in
373 2383 507 2428 rem
552 2361 885 2447 publicam
946 2382 1299 2445 cognomen
1319 2413 1335 2444 ,
1393 2362 1805 2430 ‘Restitutori
1848 2361 2061 2429 Orbis’
2123 2362 2209 2429 ab
2266 2363 2652 2447 aequalibus

254 2478 330 2541 et
373 2476 655 2559 posteris
700 2475 1078 2559 impositum
1121 2480 1239 2541 est.

469 2587 663 2672 Apud
705 2588 1058 2672 pessimum
1105 2594 1336 2654 contra
1397 2593 1465 2654 et
1514 2587 1994 2655 odiosissimum
2045 2609 2366 2674 quemque
2411 2589 2651 2674 princi-

254 2720 413 2786 pem
480 2700 808 2785 permulta
883 2700 1113 2765 mortis
1196 2700 1415 2765 omina
1481 2701 1917 2785 reperiuntur.
2023 2700 2272 2782 Quibus
2345 2701 2650 2768 interitus

251 2812 559 2898 plurimis
618 2813 818 2897 signis
875 2811 1377 2893 ostendebatur,
1445 2818 1600 2878 sunt
1655 2812 1759 2878 hi:
1816 2812 2129 2898 Caligula,
2187 2813 2299 2896 qui
2347 2819 2420 2879 11
2473 2816 2649 2898 (15);

253 2924 467 3004 Nem,
536 2925 648 3008 qui
709 2931 787 2990 13
846 2926 1019 3011 (14);
1088 2924 1320 3005 Galba,
1383 2925 1496 3008 qui
1544 2930 1618 2989 11
1673 2927 1847 3010 (15);
1908 2923 2111 3005 Otho,
2173 2925 2287 3009 qui
2337 2931 2414 2992 13
2474 2927 2649 3012 (21);

253 3036 593 3117 Vitellius,
656 3038 769 3120 qui
832 3042 908 3102 12
957 3039 1130 3124 (16);
1191 3037 1642 3117 Domitianus,
1707 3037 1819 3120 qui
1888 3042 1965 3101 17
2013 3037 2185 3122 (23);
2242 3023 2648 3118 Commodus,

254 3150 373 3232 qui
440 3154 517 3215 15
581 3149 753 3234 (24);
820 3149 1199 3230 Caracalla,
1263 3150 1374 3233 qui
1426 3153 1501 3216 13
1549 3149 1723 3233 (16);
1789 3148 2156 3230 Macrinus,
2221 3151 2333 3233 qui
2382 3157 2454 3217 11
2509 3153 2647 3236 (12)

254 3262 476 3326 omina
520 3262 750 3327 mortis
795 3261 1068 3347 accepit.
1158 3261 1550 3346 Caligulam,
1606 3261 1963 3342 Neronem,
2002 3261 2369 3343 Vitellium,
2429 3263 2650 3328 Domi-

251 3375 507 3440 tianum
528 3424 544 3455 ,
603 3373 1044 3455 Commodum,
1091 3374 1497 3441 Caracallam
1554 3394 1677 3458 pro
1734 3374 2212 3440 scelestissimis
2256 3374 2649 3442 Caesaribus

255 3486 490 3551 ductos
559 3507 702 3552 esse
780 3477 952 3553 inter
1004 3508 1227 3553 omnes
1290 3491 1565 3553 constat.
1657 3487 1846 3567 Quod
1904 3487 2103 3553 etiam
2159 3488 2337 3572 apud
2396 3492 2650 3554 ceteros

253 3605 393 3665 tres
454 3603 682 3664 {antus
708 3600 1194 3685 .prodigiorum
1251 3620 1561 3666 numerus
1610 3600 1931 3681 occurrit,
1989 3601 2209 3666 nescio
2267 3623 2350 3667 an
2414 3602 2649 3668 mirum

253 3710 590 3793 videatur3
641 3710 757 3777 sed
802 3733 948 3778 cum
993 3711 1211 3778 Galba
1249 3713 1422 3777 iusto
1465 3713 1834 3797 parciorem
1879 3733 1949 3778 se
1993 3711 2425 3798 praebuisset,
2473 3711 2646 3779 Otho

257 3822 500 3889 sodalis
546 3827 613 3889 et
657 3824 907 3891 amicus
950 3823 1226 3889 Neronis
1271 3823 1530 3904 fuisset,
1573 3824 1906 3890 Macrinus
1956 3824 2220 3891 sordido
2265 3825 2408 3891 loco
2453 3831 2649 3892 natus

258 3940 432 4001 esset
476 3935 585 4022 (cf.
618 3935 743 4002 Dio
773 3935 1125 4003 LXXVIII.
1169 3941 1266 4000 11.
1305 3941 1358 4001 1.
1430 3933 1466 4004 ὁ
1512 3938 1584 4007 δὲ
1631 3936 1721 4026 δὴ
1761 3944 2119 4024 Μακρῖνος
2162 3936 2240 4006 τὸ
2283 3938 2408 4025 μὲν
2452 3939 2649 4026 γένος

469 4163 520 4229 1)
558 4161 630 4215 cf.
667 4161 802 4230 quid
837 4162 987 4232 apud
1023 4160 1319 4215 Aurelium
1356 4160 1650 4218 Victorem
1669 4204 1681 4232 ,
1736 4163 1890 4233 Epit.
1928 4166 2012 4232 27,
2051 4162 2121 4217 de
2158 4161 2398 4217 Traiano
2434 4162 2649 4217 dictum

259 4248 361 4302 sit:
401 4248 492 4317 „in
529 4248 837 4302 remedium
869 4253 1156 4303 tantorum
1183 4250 1458 4304 malorum
1480 4250 1746 4304 divinitus
1769 4250 2108 4305 credebatur
2136 4253 2415 4318 oportune
2452 4248 2614 4303 datus
2632 4269 2646 4317 ;

258 4351 433 4404 usque
480 4352 577 4403 eo,
642 4339 721 4388 ut
771 4335 1135 4389 advenien
1157 4353 1182 4388 s
1233 4337 1627 4405 imperium
1680 4336 1838 4390 eius
1900 4337 2259 4406 pleraque
2318 4335 2650 4390 mirfiica

259 4421 920 4476 denuntiaverint?
