3167 5067
1516 333 1950 396 „34-

888 520 893 528 ’
950 501 1128 567 Suet.
1174 501 1365 586 Vesp.
1411 509 1467 567 5.
1537 525 1744 580 „unus
1790 523 1870 567 ex
1925 502 2251 567 nobilibus
2309 503 2585 586 captivis
2628 503 2935 587 IosepuS,

820 636 993 679 -cum
1046 614 1411 680 coiceretur
1472 616 1538 678 in
1584 615 1875 696 vincula,
1935 615 2459 681 constantissime
2517 617 2936 680 asseveravit

845 725 987 792 fore
1030 731 1106 792 ut
1153 726 1237 790 ab
1284 726 1509 792 eodem
1555 726 1739 793 brevi
1785 727 2161 807 solveretur,
2213 750 2432 793 verum
2478 728 2608 792 iam
2637 729 2935 812 impera-

845 844 1027 903 tore“

536 951 689 1034 (Dio
733 951 850 1034 Ep.
895 948 1119 1016 LXVI.
1169 941 1223 1014 1.
1269 957 1345 1033 43
1389 951 1541 1015 Zon.
1590 951 1699 1016 XI.
1753 957 1862 1032 163
1911 951 2179 1034 Orosius
2227 952 2362 1017 VII.
2396 958 2452 1018 9.
2481 958 2553 1033 33
2600 952 2932 1035 Iosephus

534 1062 685 1128 bell.
731 1063 873 1128 Iud.
917 1062 1030 1127 111.
1077 1067 1135 1128 8.
1181 1068 1253 1143 93
1316 1062 1631 1146 Iosephus
1675 1064 1822 1128 aliis
1862 1085 2121 1147 quoque
2160 1064 2472 1147 prodigiis
2518 1065 2933 1148 Vespasiano

535 1176 876 1259 imperium
925 1175 1374 1240 denuntiatum
1421 1178 1677 1260 narrat)

834 1359 840 1365 ‚
950 1287 1127 1351 Suet.
1169 1287 1360 1370 Vesp.
1411 1293 1467 1352 5.
1548 1287 2061 1366 „nuntiabantur
2106 1292 2173 1352 et
2218 1310 2298 1352 ex
2342 1289 2504 1353 urbe
2550 1290 2929 1371 praesagia,

846 1399 1167 1464 Neronem
1214 1398 1444 1464 diebus
1482 1398 1728 1464 ultimis
1774 1401 2085 1464 monitum
2132 1421 2250 1483 per
2296 1401 2613 1483 quietem,
2658 1406 2732 1465 ut
2776 1408 2930 1464 ten-

844 1532 983 1575 sam
1024 1511 1196 1575 Iovis
1241 1510 1484 1595 Optimi
1532 1511 1800 1575 Maximi
1846 1533 1881 1576 e
1928 1512 2219 1577 sacrario
2264 1512 2331 1576 in
2376 1512 2636 1577 domum
2674 1514 2928 1595 Vespa-

845 1624 1011 1687 siani
1057 1629 1124 1687 et
1153 1622 1303 1688 inde
1347 1623 1414 1687 in
1462 1623 1707 1689 circum
1753 1623 2148 1689 deduceret“
2192 1624 2343 1707 (Dio
2371 1624 2485 1708 Ep.
2511 1624 2734 1689 LXVI.
2768 1631 2823 1689 l.
2858 1625 2930 1706 3)

951 1755 1075 1823 „ac⁸
1111 1755 1239 1799 non
1280 1735 1484 1799 multo
1527 1741 1712 1819 post,
1755 1736 2017 1800 comitia
2060 1736 2328 1800 secundi
2372 1737 2748 1802 consulatus
2787 1737 2928 1801 ine-

848 1852 1003 1912 unte
1062 1846 1306 1925 Galba,
1382 1851 1669 1912 statuam
1732 1847 1878 1911 Divi
1950 1848 2070 1912 Iuli
2138 1849 2224 1913 ad
2284 1848 2614 1914 Orientem
2684 1854 2927 1932 sponte

849 1965 1264 2024 conversam“
1410 1937 1413 1942 .

537 2072 731 2156 (Plut.
793 2071 964 2137 Otho
1023 2071 1143 2153 1V;
1205 2072 1355 2136 Tac.
1414 2072 1566 2137 hist.
1618 2073 1661 2137 Ι.
1708 2078 1827 2153 86;
1895 2073 2160 2138 Tacitus
2222 2079 2289 2139 et
2351 2072 2741 2138 Plutarchus
2793 2072 2925 2135 hoc

537 2184 902 2268 prodigium
948 2205 1075 2248 non
1121 2189 1341 2248 aetate
1379 2184 1652 2265 Galbae,
1699 2185 1813 2250 sed
1845 2185 2118 2250 Othonis
2161 2185 2408 2250 factum
2451 2206 2592 2249 esse
2626 2190 2923 2249 narrant.

539 2297 619 2361 cf.
664 2317 812 2380 pag.
862 2299 990 2381 30.)

569 2424 585 2430 ”
951 2408 1261 2490 „acieque
1283 2408 1704 2487 Betriacensi,
1733 2408 1914 2491 prius
1950 2430 2144 2491 quam
2176 2410 2710 2487 committeretur,
2758 2408 2927 2473 duas

848 2520 1104 2603 aquilas
1147 2521 1213 2584 in
1252 2526 1606 2604 conspectu
1640 2521 1922 2584 omnium
1955 2521 2339 2601 conflixisse,
2379 2523 2678 2603 victaque
2707 2521 2924 2584 altera

847 2633 1297 2716 supervenisse
1342 2634 1605 2697 tertiam
1650 2632 1735 2696 ab
1781 2633 1935 2697 solis
1985 2638 2217 2697 exortu
2262 2654 2341 2698 ac
2387 2634 2719 2698 victricem
2767 2632 2921 2696 abe-

849 2747 1058 2828 gisse“

952 2857 1128 2949 Suet.
1174 2858 1366 2941 Vesp.
1415 2863 1470 2922 7.
1559 2857 1708 2937 „hic
1750 2856 2241 2941 (Alexandriae)
2287 2878 2432 2922 cum
2479 2858 2560 2921 de
2605 2857 2918 2921 firmitate

848 2970 1103 3052 imperii
1150 2975 1462 3053 capturus
1508 2971 1870 3053 auspicium
1933 2969 2159 3034 aedem
2205 2969 2537 3053 Serapidis
2584 2970 2923 3033 summotis

850 3081 1149 3146 omnibus
1194 3081 1368 3148 solus
1395 3082 1722 3161 intrasset,
1767 3097 1847 3145 a'c
1885 3082 2241 3165 propitiato
2289 3082 2562 3147 multum
2611 3081 2732 3145 deo
2776 3086 2913 3145 tan·

850 3195 996 3258 dem
1043 3213 1112 3257 se
1162 3195 1615 3272 convertisset,
1663 3193 1980 3258 verbenas
2037 3215 2440 3277 coronasque
2490 3201 2554 3259 et
2599 3194 2923 3277 panificia,

852 3312 926 3370 ut
964 3306 1098 3369 illic
1142 3306 1403 3385 assolet,
1446 3304 1767 3370 Basilides
1799 3304 2077 3371 libertus
2103 3306 2417 3371 obtulisse
2462 3307 2522 3371 ei
2567 3307 2740 3370 visus
2785 3311 2922 3384 est3

851 3438 1041 3500 quem
1088 3430 1296 3499 neque
1330 3418 1684 3482 admissum
1731 3438 1772 3481 a
1803 3439 2130 3501 quoquam
2178 3424 2245 3483 et
2288 3419 2417 3483 iam
2443 3419 2695 3503 pridem
2725 3439 2923 3501 prop-

847 3536 951 3593 ter
1008 3541 1352 3595 nervorum
1399 3528 1821 3594 valitudinem
1869 3530 1972 3593 vix
2026 3531 2279 3612 ingredi
2323 3531 2644 3613 longeque
2690 3530 2922 3593 abesse

850 3641 1213 3708 constabat.
1307 3644 1397 3706 Ac
1469 3642 1693 3706 statim
1756 3641 2076 3706 advenere
2133 3642 2427 3722 litterae,
2508 3642 2683 3706 fusas
2746 3641 2924 3724 apud

847 3755 1227 3819 Cremonam
1277 3753 1497 3820 Vitelli
1551 3754 1805 3837 copias,
1863 3755 2076 3837 ipsum
2123 3755 2188 3817 in
2253 3754 2416 3820 urbe
2460 3756 2924 3835 interemptum

847 3867 1259 3931 nuntiantes²‘
1307 3866 1484 3951 (Tac.
1532 3866 1682 3930 hist.
1725 3867 1832 3931 IV.
1863 3872 1965 3931 82.
2034 3867 2269 3946 „altior
2319 3867 2469 3931 inde
2519 3864 2921 3947 Vespasiano

848 3977 1084 4060 cupido
1131 3977 1414 4042 adeundi
1461 3998 1718 4043 sacram
1762 3977 2018 4056 sede-m,
2063 3985 2139 4042 ut
2185 3999 2380 4061 super
2425 3976 2620 4040 rebus
2664 3976 2924 4060 imperii

846 4089 1230 4153 consuleret.
1280 4091 1500 4155 Arceri
1520 4090 1766 4173 templo
1800 4095 2068 4155 cunctos
2100 4090 2313 4154 iubet:
2343 4095 2540 4171 atque
2572 4088 2923 4170 ingressuS‚

846 4203 1262 4284 intentusque
1309 4202 1574 4280 numini,
1623 4202 1910 4284 respexit
1953 4204 2121 4284 po‘ne
2158 4207 2414 4283 tergum
2462 4222 2498 4264 e
2524 4200 2924 4284 primoribus

848 4314 1309 4396 Aegyptiorum
1340 4310 1598 4377 nomine
1633 4312 1994 4393 Basiliden;
2042 4334 2233 4396 quem
2265 4313 2493 4397 procul
2531 4313 2927 4378 Alexandria

844 4425 1127 4508 plurium
1213 4426 1463 4490 dierum
1550 4427 1784 4489 itinere
1861 4433 1927 4489 et
2006 4446 2204 4506 aegro
2288 4447 2561 4508 corpore
2646 4423 2925 4490 detineri
