3167 5067
1252 381 1683 443 -65-

260 542 680 626 (Caracalla,
745 565 888 609 cum
936 567 1083 610 eum
1130 547 1507 628 occidisset,
1564 548 1854 628 locutae,
1900 551 1992 614 ibi
2040 557 2094 616 2.
2144 559 2215 617 8:
2277 553 2417 633 „Sit
2462 555 2666 636 divus,

263 653 436 718 dum
478 676 606 719 non
652 656 738 720 sit
779 657 1046 741 vivus“).

489 765 850 849 Discordia,
898 791 1065 852 quae
1109 776 1300 854 patre
1348 778 1605 837 mortuo
1650 773 1823 838 inter
1856 775 2262 841 Caracallam
2311 783 2378 842 et
2430 778 2665 844 Getam

263 879 538 944 exstitit
580 885 777 962 atque
825 903 1025 946 causa
1068 885 1296 948 mortis
1339 883 1555 949 'Getae
1601 885 1778 950 facta
1825 892 1941 966 est,
1983 889 2310 954 nonnullis
2349 890 2666 975 prodigiis

262 988 649 1072 significata
695 998 869 1058 erat:
2655 1065 2658 1068 ,

692 1106 816 1170 Dio
861 1106 978 1189 Ep.
1026 1106 1342 1174 LXXVII.
1379 1114 1431 1173 1.
1465 1115 1523 1188 4,
1559 1117 1614 1175 5.
1705 1110 1923 1178 πάντα
1968 1114 2038 1181 δὲ
2084 1112 2165 1180 τὰ
2214 1114 2664 1184 ἐναντιώτατα

591 1217 825 1304 ἔδρων,
872 1221 983 1286 καὶ
1031 1209 1116 1306 ἦν
1176 1216 1301 1289 οὐκ
1358 1217 1613 1308 ἄδηλον
1673 1220 1776 1291 ὅτι
1837 1223 2064 1292 δεινόν
2119 1251 2181 1293 τι
2242 1223 2388 1314 παρ’
2440 1223 2668 1296 αὐτῶν

587 1329 955 1416 γενήσοιτο.
1022 1328 1184 1416 ὅπερ
1231 1357 1366 1400 που
1411 1335 1522 1401 καὶ
1551 1336 1712 1418 πρὶν
1760 1334 1927 1422 πρὸς
1969 1335 2096 1423 τὴν
2117 1336 2379 1427 Ῥοίμην
2415 1336 2664 1419 αὐτοὺς

586 1443 812 1510 ἐλθεῖν
856 1442 1335 1531 προεγνώσθη·
1403 1444 1603 1514 θύειν
1659 1473 1728 1514 τε
1785 1446 1913 1535 γὰρ
1962 1446 2127 1535 ὑπὲρ
2182 1458 2298 1535 τῆς
2346 1448 2662 1537 ὁμονοίας

587 1550 817 1622 αὐτῶν
846 1566 986 1635 τοῖς
1020 1581 1090 1623 τε
1121 1554 1344 1637 ἄλλοις
1379 1566 1566 1638 θεοῖς
1610 1561 1722 1626 καὶ
1759 1556 1931 1648 αὐτῇ
1967 1569 2049 1649 τῇ
2071 1559 2384 1654 Ὁμονοίᾳ
2419 1576 2662 1649 ψηφισ-

587 1667 713 1733 θὲν
757 1664 891 1735 ὑπὸ
935 1676 1052 1754 τῆς
1094 1673 1374 1757 βουλῆς,
1441 1673 1506 1737 οἱ
1563 1672 1687 1757 μὲν
1732 1669 2056 1759 ὑπηρέται
2115 1672 2192 1741 τὸ
2237 1683 2319 1762 τῇ
2349 1672 2663 1767 Ὁμονοίᾳ

585 1780 1046 1867 τυδησόμενον
1092 1783 1337 1867 ἱερεῖον
1383 1780 1788 1869 ἡτοίμασαν,
1848 1786 1959 1852 καὶ
2020 1782 2056 1852 ὁ
2117 1782 2367 1867 ὕπατος
2420 1784 2505 1866 ὡς
2548 1788 2659 1854 καὶ

586 1890 1029 1977 βουδυτήσων
1074 1888 1391 1978 ἀφίκετο,
1452 1890 1606 1962 οὔτε
1666 1897 1738 1964 δὲ
1783 1887 1981 1976 οὗτος
2036 1898 2333 1978 ἐκείνους
2394 1894 2541 1965 οὐθ’
2597 1901 2662 1965 οἱ

584 2000 903 2090 ὑπηρέται
957 2002 1078 2072 τὸν
1139 2002 1399 2072 ὕπατον
1455 2004 1680 2090 εὑρεῖν
1755 2005 2229 2095 ἠδυνήθησαν,
2305 2005 2469 2076 ἀλλὰ
2529 2013 2654 2077 διε-

584 2114 855 2182 τέλεσαν
912 2124 1134 2183 πᾶσαν
1207 2114 1292 2196 ὡς
1356 2119 1567 2187 εἰπεῖν
1630 2118 1756 2204 τὴν
1812 2119 2024 2188 νύκτα
2072 2125 2424 2206 ζητοῦντες
2470 2120 2660 2207 ἀλλή-

583 2234 777 2309 λους,
831 2225 992 2296 ὥστε
1043 2226 1135 2314 μὴ
1179 2232 1565 2316 δυνηθῆναι
1609 2229 1758 2299 τότε
1806 2228 1931 2317 τὴν
1976 2234 2228 2298 θυσίαν
2272 2232 2589 2317 γενέσθαι

684 2340 771 2405 ib.
821 2346 873 2405 1.
923 2346 978 2406 6.
1069 2342 1179 2408 καὶ
1245 2350 1327 2430 τῇ
1391 2339 1709 2433 ὑστεραία
1769 2341 1902 2411 δύο
1957 2341 2149 2411 λύκοι
2208 2345 2273 2424 ἐς
2323 2341 2401 2411 τὸ
2450 2351 2657 2411 Καπι-

584 2451 827 2519 τώλιον
871 2449 1238 2539 ἀναβάντες
1284 2455 1548 2522 ἐκεῖθεν
1594 2453 2123 2542 ἐξεδιώχθησαν,
2186 2457 2297 2523 καὶ
2340 2453 2376 2523 ὁ
2420 2457 2544 2542 μὲν
2590 2457 2663 2524 ἐν

583 2547 664 2653 τῇ
708 2560 922 2656 ἀγορᾷ
980 2579 1115 2632 που
1167 2567 1626 2651 καταληφθεὶς
1677 2563 1713 2634 ὁ
1769 2567 1841 2634 δὲ
1902 2566 2066 2653 μετὰ
2112 2562 2324 2635 ταῦτα
2372 2567 2493 2648 ἔξω
2538 2577 2664 2635 τοῦ

581 2680 935 2764 πωμηρίου
980 2677 1257 2763 ἐσφάγη.

480 2788 625 2852 Huc
668 2794 999 2872 spectasse
1044 2785 1335 2868 videtur,
1396 2788 1571 2871 quod
1619 2784 1914 2874 Iuppiter
1957 2787 2153 2856 Belus
2209 2791 2449 2855 Severo
2496 2791 2658 2855 vati-

263 2903 533 2966 cinatus
566 2906 693 2965 est:
1422 2946 1428 2952 -

596 3067 600 3072 ,
685 3014 807 3078 Dio
853 3014 970 3097 Ep.
1019 3013 1365 3079 LXXVIII.
1414 3020 1470 3079 8.
1520 3019 1575 3079 6.
1665 3015 1777 3081 καὶ
1835 3014 1999 3101 μετὰ
2062 3024 2273 3082 ταῦτα
2333 3011 2655 3098 αὐτοκρά-

580 3152 726 3212 τορι
765 3126 1105 3215 γενομένῳ
1150 3122 1328 3193 ταῦτ’
1382 3123 1521 3192 εἷπε
1565 3127 1906 3216 χρωμένῳ,
1948 3123 2051 3194 ὅτι

683 3236 884 3318 ιοἶκος
928 3238 999 3305 δέ
1045 3257 1153 3305 σοι
1197 3247 1324 3318 πᾶς
1368 3236 1641 3324 βήσεται
1685 3234 1762 3305 δι’
1812 3239 2124 3325 αἴματος’.

265 3349 506 3414 Getam
552 3356 973 3432 praematura
1006 3355 1227 3414 morte
1274 3371 1395 3433 per
1441 3350 1712 3414 fratrem
1758 3351 2122 3434 periturum
2170 3372 2338 3429 esse,
2402 3357 2658 3434 praete-

262 3482 383 3525 rea
432 3460 609 3526 hisce
655 3462 979 3527 ominibus
1024 3454 1393 3527 nuntiatum
1444 3467 1626 3527 erat:

682 3575 894 3658 Spart.
944 3574 1112 3639 Geta
1161 3580 1216 3638 3.
1268 3580 1325 3654 2,
1375 3580 1430 3639 3.
1520 3575 1783 3654 „statim
1828 3580 1904 3640 ut
1963 3581 2157 3640 natus
2203 3580 2334 3656 est,
2398 3577 2642 3640 nuntia·

577 3691 715 3750 tum
762 3692 892 3765 est,
950 3676 1494 3770 ovum‘gallinam
1538 3687 1605 3749 in
1651 3687 1804 3751 aula
1854 3688 2185 3770 peperisse
2228 3708 2655 3770 purpureum.

580 3797 753 3878 quod
798 3819 942 3862 cum
999 3798 1267 3862 allatum
1314 3797 1670 3862 Bassianus
1727 3797 1940 3863 'frater
2004 3799 2141 3863 eius
2188 3800 2552 3882 accepisset
2596 3805 2661 3863 et

582 3911 765 3991 quasi
828 3910 1139 3993 parvulus
1215 3905 1557 3994 adplosum
1639 3910 1723 3975 ad
1787 3916 2034 3975 terram
2087 3909 2422 3994 fregisset,
2473 3908 2659 3976 ‘Iulia

580 4020 819 4086 dixisse
863 4022 1007 4087 ioco
1052 4023 1296 4088 fertur:
1344 4022 1712 4088 ‘Maledicte
1759 4023 2110 4106 parricida,
2155 4022 2429 4088 fratrem
2475 4029 2659 4089 tuum

579 4134 894 4198 occidisti'
915 4141 948 4170 “
1327 4148 1331 4151 ’
1643 4130 1648 4134 ⁴

679 4246 764 4310 ib.
814 4251 868 4310 3.
920 4253 977 4325 5,
1023 4252 1078 4311 6.
1171 4248 1335 4326 „fuit
1400 4248 1599 4312 etiam
1660 4248 1840 4312 aliud
1904 4269 2125 4313 omen:
2186 4269 2337 4312 nam
2402 4269 2545 4312 cum
2593 4250 2659 4313 in

575 4357 729 4421 villa
776 4357 1110 4423 cuiusdam
1160 4360 1501 4440 Antonini,
1562 4360 1777 4443 plebei
1819 4360 2132 4440 hominiS‚
2202 4380 2409 4442 agnus
2464 4368 2660 4426 natus

577 4476 779 4548 esset,
827 4472 936 4553 qui
985 4470 1190 4534 vellus
1235 4472 1302 4533 in
1348 4472 1563 4535 fronte
1609 4495 2015 4556 purpureum
2060 4471 2367 4551 haberet,
2428 4474 2656 4537 eadem

2205 4577 2237 4628 5
