3167 5067
1520 328 1947 392 ...20-.

743 496 995 562 Deinde
1041 501 1505 561 commemorat
1541 496 1908 576 SuetoniuS,
1953 496 2019 561 C.
2067 495 2199 561 Cal.
2241 502 2336 575 19,
2385 518 2531 561 cum
2580 496 2659 561 de
2703 502 2948 581 ponte,

534 628 726 693 quem
782 609 985 674 Gaius
1046 608 1218 674 inter
1264 609 1461 705 Baias
1526 614 1593 673 et
1633 608 2026 674 Puteolanas
2066 608 2270 674 moles
2317 609 2657 689 exstruxit,
2722 608 2952 673 verba

536 720 773 802 faciat,
851 741 922 786 se
994 742 1270 805 puerum
1328 741 1519 785 avum
1580 742 1766 786 suum
1828 726 2204 785 narrantem
2265 720 2590 786 audivisse
2658 742 2945 785 causam

536 833 754 917 operis
800 854 959 913 esse,
1005 833 1181 916 quod
1213 832 1594 918 Thrasyllus
1622 832 1882 897 Tiberio
1928 834 1995 897 in
2025 854 2247 898 verum
2295 840 2599 917 nepotem
2633 832 2950 916 proniori

535 944 928 1010 affirmasset
976 965 1143 1025 „non
1187 945 1395 1029 magis
1425 944 1663 1009 Gaium
1697 945 2173 1029 imperaturum
2202 966 2396 1029 quam
2441 967 2561 1029 per
2603 945 2948 1010 Baianum

537 1058 750 1123 sinum
797 1057 983 1141 equis
1029 1057 1512 1123 discursurumi‘
1604 1057 1750 1137 Sed,
1794 1078 1941 1122 cum
1988 1057 2191 1123 Gaius
2235 1063 2433 1142 ponte
2465 1056 2811 1122 aedificato
2863 1078 2948 1121 re

532 1190 691 1235 vera
732 1190 853 1254 per
895 1169 1215 1235 Baianum
1292 1170 1501 1235 sinum
1547 1190 1717 1253 equo
1761 1175 1984 1235 vectus
2033 1176 2220 1250 esset,
2268 1170 2442 1254 quod
2506 1170 2684 1234 nullo
2729 1170 2944 1234 modo

533 1281 676 1347 fieri
738 1302 931 1366 posse
989 1282 1334 1348 videbatur
1358 1331 1373 1361 ,
1434 1303 1561 1347 non
1622 1281 1890 1348 dubium
1956 1287 2084 1363 est,
2155 1283 2310 1365 quin
2370 1283 2534 1348 illud
2594 1282 2944 1366 Thrasylli

535 1393 783 1458 dictum
828 1399 1010 1459 certa
1051 1392 1416 1478 praedictio
1462 1393 1669 1458 futuri
1711 1394 1967 1477 imperii
2013 1395 2334 1460 creditum
2377 1395 2479 1460 sit.

742 1505 938 1571 Cuius
984 1525 1186 1590 opera
1232 1506 1513 1571 maxime
1559 1506 1765 1571 Gaius
1824 1507 2263 1591 principatum
2328 1512 2684 1572 nancturus
2731 1510 2939 1585 esset,

535 1616 665 1683 illis
710 1617 954 1683 Tiberii
998 1618 1241 1697 verbis,
1306 1639 1474 1702 quae
1536 1639 1738 1702 supra
1798 1619 1929 1683 iam
1987 1619 2485 1684 memoravimus
2547 1618 2725 1702 (Tac.
2773 1639 2937 1682 ann.

537 1729 642 1794 VI.
678 1734 795 1795 46:
841 1751 882 1795 a
923 1730 1232 1795 Macrone
1280 1731 1595 1796 orientem
1645 1733 1959 1815 spectari;
2005 1730 2083 1795 cf.
2127 1751 2276 1814 pag.
2328 1732 2455 1814 19),
2502 1730 2941 1815 praenuntia-

536 1845 674 1907 tum
724 1847 886 1908 erat.

741 1953 958 2020 Etiam
1003 1954 1216 2038 qualis
1260 1954 1520 2020 futurus
1567 1961 1772 2035 esset,
1832 1954 2131 2020 Tiberius
2178 1955 2344 2020 Gaio
2389 1955 2938 2020 denuntiaverat:

949 2066 1099 2132 Tac.
1147 2088 1292 2132 ann.
1341 2066 1445 2132 VI.
1493 2073 1610 2133 46:
1671 2072 1777 2147 „et
1821 2066 1988 2132 Gaio
2032 2067 2328 2147 Caesari,
2376 2068 2547 2132 forte
2594 2073 2739 2132 orto
2790 2087 2936 2132 ser-

846 2200 1036 2244 mone
1078 2179 1147 2243 L.
1195 2179 1443 2245 Sullam
1486 2179 1827 2259 inridenti,
1887 2180 2104 2244 omnia
2164 2179 2383 2245 Sullae
2444 2180 2604 2245 vitia
2659 2185 2726 2243 et
2781 2179 2936 2243 nul-

845 2290 980 2355 lam
1025 2290 1318 2355 eiusdem
1357 2292 1664 2356 virtutem
1705 2291 2084 2356 habiturum
2117 2292 2483 2374 praedixit“
2517 2292 2670 2373 (Dio
2700 2291 2933 2356 LVIII.

848 2408 947 2468 23.
977 2410 1047 2469 3:
1091 2403 1204 2471 καὶ
1241 2403 1502 2470 ἐκεῖνον
1544 2403 1862 2471 κάκιστον
1897 2403 2089 2483 εἰδὼς
2133 2404 2467 2490 ἐσόμενον.
2515 2405 2666 2468 Zon.
2694 2403 2802 2467 XI.
2838 2405 2933 2486 3).

745 2515 1080 2595 Ominum,
1165 2494 1334 2598 quae
1416 2515 1704 2580 futuram
1772 2515 2037 2580 caedem
2109 2516 2452 2580 ostendere
2515 2515 2934 2594 videbantur,

536 2627 741 2691 multo
810 2628 1123 2693 maiorem
1204 2648 1543 2693 numerum
1621 2628 1882 2712 repperi
1959 2648 2312 2710 eorumque
2394 2628 2679 2711 plurima
2751 2627 2934 2709 apud

538 2739 940 2804 Suetonium.

951 2851 1128 2916 Suet.
1187 2851 1319 2917 Cal.
1370 2858 1481 2917 57:
1567 2851 1944 2936 „Olympiae
1998 2852 2414 2917 simulacrum
2480 2852 2681 2931 IoviS,
2751 2852 2931 2933 quod

849 2962 1113 3028 dissolvi
1149 2963 1623 3047 transferrique
1656 2965 1928 3029 Romam
1960 2966 2318 3047 placuerat,
2365 2968 2621 3028 tantum
2666 2963 2922 3027 cac-hin·

846 3097 1002 3141 num
1084 3081 1353 3161 repente
1417 3076 1653 3155 edidit,
1730 3082 1806 3141 ut
1867 3076 2186 3141 machinis
2255 3076 2599 3141 labefactis
2663 3075 2933 3158 opifices

849 3187 1260 3272 diffugerint3
1322 3189 1700 3273 supervenit
1742 3238 1755 3251 .
1784 3238 1796 3252 .
1825 3238 1838 3252 .
1866 3238 1879 3251 .
1925 3188 2222 3267 Cassius,
2278 3188 2525 3252 iussum
2573 3209 2642 3252 se
2679 3189 2933 3252 somnio

848 3300 1184 3366 affirmans
1229 3302 1567 3366 immolare
1613 3306 1874 3365 taurum
1919 3300 2093 3365 Iovi“

538 3413 690 3496 (Dio
738 3413 902 3480 LIX.
942 3418 1041 3478 28.
1082 3418 1139 3493 3,
1186 3420 1264 3494 4;
1325 3413 1450 3478 Dio
1495 3413 1723 3477 adiicit
1765 3433 2015 3491 navem,
2063 3432 2231 3494 quae
2274 3411 2358 3475 ad
2403 3409 2932 3477 transferendum
3005 3439 3021 3450 -

537 3525 959 3590 simulacrum
1003 3530 1340 3590 exstructa
1395 3526 1507 3605 sit,
1564 3526 1715 3609 igne
1775 3524 2043 3590 caelesti
2088 3523 2369 3588 deletam
2420 3541 2579 3586 esse.
2675 3522 2926 3587 Ominis

536 3636 806 3702 infausti
849 3636 995 3701 loco
1038 3637 1204 3702 haec
1249 3658 1391 3703 esse
1434 3637 1666 3703 habita
1705 3637 1882 3721 apud
1933 3636 2199 3701 Dionem
2246 3656 2374 3699 non
2417 3634 2719 3718 legimus)

955 3749 1386 3833 „Capitolium
1431 3750 1693 3833 Capuae
1738 3750 1831 3813 Id.
1879 3748 2073 3813 Mart.
2128 3749 2208 3813 de
2255 3748 2436 3813 caelo
2482 3752 2728 3811 tactum
2792 3752 2931 3810 est“

953 3862 1149 3941 „item
1196 3862 1442 3927 Romae
1488 3862 1655 3927 cella
1697 3861 1981 3928 Palatini
2026 3861 2369 3926 atriensis“

950 3974 1355 4051 „consulenti
1399 3974 1480 4038 de
1534 3975 1835 4057 genitura
1878 3995 1998 4038 sua
2028 3972 2210 4037 Sulla
2245 3971 2744 4036 mathematicus
2792 3991 2923 4034 cer·

849 4085 1169 4150 tissimam
1215 4106 1441 4150 necem
1481 4085 2013 4169 appropinquare
2058 4083 2449 4147 affirmavit“

954 4203 1383 4276 „monuerunt
1447 4202 1513 4261 et
1578 4196 1909 4259 Fortunae
1973 4196 2380 4274 Antiatinae,
2463 4200 2538 4259 ut-
2606 4216 2645 4257 a
2705 4194 2932 4258 Cassio

852 4315 1152 4373 caveret“

539 4419 691 4503 (Dio
740 4420 901 4484 LIX.
952 4427 1050 4485 29.
1102 4427 1171 4501 33
1222 4442 1262 4483 a
1307 4420 1531 4483 Cassio
1578 4419 1871 4484 Chaerea
1917 4426 2150 4503 postea
2196 4421 2449 4484 occisus
2506 4421 2649 4501 est.)
