3167 5067
1399 334 1907 410 .—4-

702 514 943 579 Postea
983 515 1153 579 hanc
1197 515 1538 579 materiam
1602 516 1798 579 etiam
1862 514 2025 579 alios
2077 516 2143 578 in
2202 515 2427 580 modos
2472 521 2760 582 tractare
2805 520 2874 582 in

493 627 709 691 animo
753 626 985 691 habeo.

699 849 829 914 Sed
882 850 1260 933 priusquam
1321 849 1403 914 ad
1464 850 1870 933 propositum
1930 851 2349 931 accedamus,
2410 872 2539 916 non
2585 852 2871 918 alienum

490 968 672 1046 puto,
719 962 1040 1044 attingere
1083 961 1422 1041 nonnulla,
1469 982 1639 1044 quae
1682 961 1987 1026 videntur
2031 983 2172 1027 esse
2213 962 2483 1043 idonea,
2544 970 2619 1028 ut
2661 986 2741 1028 ex
2788 966 2872 1030 iis

493 1078 942 1155 cognoscatur,
989 1079 1304 1156 quantum
1350 1073 1478 1138 illis
1521 1074 1926 1157 temporibus
1973 1075 2257 1138 ominum
2300 1074 2541 1140 fiducia
2573 1077 2871 1141 valuerit.

696 1186 842 1249 Non
872 1185 1189 1251 habemus
1234 1186 1299 1249 in
1331 1185 1564 1265 anim0,
1608 1185 2068 1269 exemplorum,
2116 1207 2284 1269 quae
2329 1208 2370 1251 a
2413 1209 2632 1252 rerum
2666 1190 2871 1272 scrip·

489 1296 742 1361 toribus
787 1297 977 1362 nobis
1018 1297 1267 1362 tradita
1331 1303 1515 1377 sunt,
1574 1318 1811 1380 magno
1864 1319 2134 1363 numero
2192 1299 2330 1363 nixi
2390 1301 2762 1365 accuratius
2804 1305 2874 1364 et

490 1408 756 1474 uberius
802 1410 1136 1493 persequi,
1181 1414 1586 1493 quantopere
1629 1408 1746 1473 illa
1789 1416 1973 1475 aetas
2012 1410 2483 1475 diversissimos
2528 1412 2594 1475 in
2644 1411 2874 1476 modos

489 1520 942 1584 vaticiniorum
1011 1520 1165 1585 fidei
1227 1521 1524 1585 subiecta
1580 1521 1781 1586 fuerit
1800 1522 1883 1604 1);
1963 1522 2216 1586 duobus
2282 1521 2474 1586 modo
2528 1523 2872 1587 momentis

489 1630 800 1696 adhibitis
841 1619 1125 1696 ominum
1167 1632 1744 1716 prodigiorumque
1802 1633 1930 1696 vim
1994 1639 2061 1697 et
2102 1633 2462 1715 potentiam
2506 1633 2864 1699 illustrabi-

486 1764 660 1807 mus:
719 1743 1007 1807 Primum
1054 1742 1135 1807 de
1179 1764 1396 1808 rerum
1458 1744 1888 1826 scriptoribus
1947 1742 2366 1809 nobilissimis
2409 1745 2584 1809 illius
2628 1746 2867 1812 aetatis

490 1875 702 1937 pauca
747 1854 1173 1934 disseremuS,
1217 1859 1294 1918 ut
1338 1875 1806 1937 cognoscamus
1853 1875 1963 1919 eos
2007 1875 2137 1919 non
2179 1855 2372 1920 modo
2419 1877 2499 1920 ea
2538 1856 2618 1921 de
2668 1877 2874 1921 causa

490 1965 835 2049 diligenter
879 1971 1077 2048 atque
1123 1965 1382 2049 copiose
1430 1966 1510 2030 de
1554 1965 1878 2031 ominibus
1924 1966 2118 2031 factis
2163 1966 2519 2047 rettulisse,
2583 1968 2758 2050 quod
2802 1968 2869 2047 ii,

488 2099 529 2141 a
575 2078 811 2160 quibus
838 2078 1229 2160 legerentur,
1274 2078 1560 2142 ominum
1591 2078 1835 2143 fiducia
1867 2083 2262 2158 tenerentur,
2300 2078 2415 2144 sed
2445 2078 2660 2158 etiam,
2694 2079 2870 2161 quod

487 2195 554 2253 et
574 2190 703 2273 ipsi
717 2227 803 2237 —-
818 2189 942 2254 viri
971 2189 1390 2254 eruditissimi
1415 2227 1496 2237 —
1515 2189 1670 2254 huic
1703 2189 2150 2274 superstitioni
2168 2189 2370 2254 dediti
2400 2195 2614 2269 erant,
2639 2190 2872 2254 deinde

488 2300 1110 2379 demonstrabimus,
1186 2321 1266 2365 ex
1324 2321 1560 2383 magno
1625 2300 2067 2383 exemplorum
2127 2321 2398 2365 numero
2451 2300 2870 2366 nobilissimis

488 2411 822 2491 adductis,
881 2411 1240 2475 facinorum
1304 2411 1905 2490 celeberrimorum,
1970 2432 2139 2493 quae
2183 2433 2302 2496 per
2345 2411 2507 2476 illud
2551 2414 2865 2495 temporis

487 2524 772 2607 spatium
818 2528 1122 2606 suscepta
1165 2523 1321 2602 sint,
1360 2529 1619 2606 partem
1661 2543 1792 2587 non
1838 2523 2138 2606 exiguam
2184 2523 2463 2588 maxime
2512 2524 2595 2588 ab
2642 2524 2868 2587 omini-

485 2636 609 2700 bus
654 2640 721 2698 et
760 2634 1073 2718 prodigiis
1118 2634 1433 2717 originem
1475 2634 1758 2699 duxisse.

693 2747 908 2827 Atque
951 2766 987 2809 e
1030 2746 1423 2829 scriptorum
1465 2766 1736 2811 numero
1790 2745 2084 2811 Cassium
2132 2744 2422 2825 Dionem,
2469 2746 2868 2826 Suetonium,

486 2857 961 2935 Herodianum,
1020 2877 1182 2939 quos
1220 2857 1656 2923 nobilissimos
1703 2879 1844 2922 esse
1891 2858 2194 2922 arbitrati
2235 2879 2489 2937 sumus,
2535 2857 2868 2941 elegimus,

487 2969 852 3034 Cornelium
905 2969 1203 3033 Tacitum
1250 2990 1328 3034 ea
1374 2969 1454 3033 de
1500 2989 1701 3033 causa
1742 2968 1868 3033 hoc
1904 2964 2049 3033 loco
2094 2969 2514 3052 negleximuS,
2563 2971 2736 3053 quod
2783 2970 2865 3034 de

485 3082 624 3146 eius
667 3081 1128 3164 superstitione
1173 3082 1415 3164 optime
1460 3082 1594 3162 egit
1635 3080 2008 3165 Nipperdey
2027 3080 2100 3166 ²),
2144 3074 2248 3146 vir
2283 3081 2710 3147 doctissimus.

692 3189 1040 3257 Cassius
1085 3193 1239 3256 Dio
1286 3191 1815 3257 Cocceianus
1875 3213 2092 3257 rerum
2150 3194 2431 3277 scriptor
2481 3194 2548 3256 in
2592 3193 2866 3256 homini-

485 3304 608 3369 bus
654 3303 1307 3387 superstitiosissimis
1350 3302 1695 3368 habendus
1741 3309 1856 3368 est.
1946 3303 2261 3368 Permulti
2316 3309 2577 3369 exstant
2629 3303 2758 3368 loci
2800 3305 2870 3368 in

486 3417 625 3480 eius
672 3436 889 3500 opere,
934 3416 1124 3495 unde,
1172 3420 1420 3498 quanta
1462 3415 1662 3479 fuerit
1693 3415 1831 3480 eius
1868 3416 2260 3498 superstitiO,
2303 3415 2588 3497 perspici
2632 3421 2870 3499 potest.

484 3528 778 3610 Longum
810 3532 927 3607 est,
974 3548 1196 3592 omnes
1224 3526 1403 3592 locos
1437 3526 1783 3606 adducere,
1831 3547 1866 3589 e
1907 3526 2144 3609 quibus
2190 3526 2365 3588 clare
2411 3532 2477 3590 et
2501 3526 2869 3591 luculenter

485 3640 718 3719 elucet,
764 3645 1081 3722 quantum
1128 3638 1238 3704 ille
1284 3639 1608 3728 ominibus
1657 3638 1995 3717 tribuerit,
2056 3657 2261 3720 quare
2296 3636 2363 3699 in
2408 3638 2622 3702 animo
2666 3638 2854 3702 habe-

482 3773 645 3831 mus,
692 3772 772 3815 ex
815 3770 1169 3835 permagno
1213 3770 1481 3815 numero
1526 3769 1772 3833 paucos
1809 3748 2002 3814 modo
2048 3769 2307 3831 eosque,
2354 3749 2463 3831 qui
2503 3749 2869 3833 gravissimi

483 3862 672 3927 nobis
710 3862 1011 3927 videntur
1055 3883 1214 3942 esse,
1261 3861 1516 3944 eligere.

692 4095 743 4161 1)
782 4094 851 4145 cf.
890 4092 957 4145 L.
978 4091 1356 4160 Friedliinder‚
1391 4089 1827 4160 Darstellungen
1864 4110 1961 4145 aus
1997 4091 2098 4145 der
2133 4090 2644 4160 Sittengeschichte
2674 4093 2864 4145 Rome.

483 4183 532 4233 3.
569 4179 673 4247 lV,
711 4183 769 4232 et
803 4178 861 4232 J.
898 4178 1285 4247 Burckhardt,
1337 4177 1445 4231 Die
1481 4176 1611 4231 Zeit
1646 4177 2005 4231 Constantius
2041 4177 2157 4244 Ades
2194 4176 2453 4230 Grossen.
2524 4179 2572 4231 2.
2610 4177 2865 4244 Auflage,

528 4309 537 4319 .
703 4268 782 4318 11.

483 4286 520 4335 p
583 4269 661 4333 10,
688 4353 742 4418 2)
781 4351 1070 4404 Cornelius
1112 4350 1340 4403 Tacitus
1391 4350 1599 4403 erklart
1654 4367 1760 4402 von
1796 4348 1936 4401 Karl
1987 4347 2329 4417 Nipperdey.
2405 4352 2447 4401 1.
2486 4349 2661 4401 Band.
2732 4350 2865 4402 Ein-

480 4438 711 4506 leitung.
