3167 5067
1290 337 1706 410 ..51...

718 514 860 597 Nig.
911 521 965 579 3.
1016 523 1066 593 1,
1116 522 1171 579 2.
1261 537 1446 594 „cum
1505 517 1766 599 quidem
1833 518 2118 582 'lulianus
2167 519 2406 583 dixisse
2458 511 2687 600 fertur,

617 648 825 709 neque
890 628 1014 691 sibi
1092 650 1303 711 neque
1348 628 1704 692 Pescennio
1749 629 2013 711 longum
2058 631 2400 713 imperium
2444 632 2688 711 deberi,

621 740 733 803 sed
779 740 1017 803 Severo
1064 790 1077 804 .
1105 791 1161 803 ..
1209 739 1382 822 quod
1428 740 1736 823 probavit
1784 742 1879 805 rei
1925 748 2231 807 eventusi‘

518 852 707 915 Aliud
754 851 1008 933 signum
1055 854 1281 916 mortis
1326 853 1602 936 legimus
1648 854 1822 936 apud
1869 855 2177 918 eundem:

722 964 835 1027 Iul.
887 971 941 1026 7.
993 971 1087 1041 10,
1142 971 1234 1028 11.
1313 1015 1455 1043 „...
1503 971 1568 1028 et
1630 967 1918 1029 carmina
1980 966 2257 1049 profana
2316 968 2690 1031 incantave-

621 1082 773 1139 runt
819 1083 884 1140 et
928 1098 1006 1140 ea
1055 1098 1224 1159 quae
1270 1077 1355 1140 ad
1392 1077 1725 1160 speculum
1762 1077 1986 1141 dicunt
2018 1078 2178 1158 fieri,
2222 1079 2287 1142 in
2333 1100 2461 1161 quo
2505 1081 2693 1162 pueri

617 1189 1000 1272 praeligatis
1050 1181 1254 1253 oculis
1317 1190 1652 1253 incantato
1710 1190 1951 1254 vertice
2000 1192 2325 1274 respicere
2371 1192 2693 1270 dicuntur,

621 1301 909 1364 Iulianus
964 1300 1137 1365 fecit.
1180 1308 1462 1383 tuncque
1505 1322 1670 1385 puer
1697 1302 1934 1366 vidisse
1975 1303 2213 1367 dicitur
2247 1309 2313 1368 et
2345 1305 2692 1370 adventum

624 1414 844 1477 Severi
892 1419 957 1478 et
1002 1413 1238 1476 Iuliani
1284 1414 1763 1478 decessionem&

522 1526 732 1589 Etiam
778 1526 930 1589 illae
976 1532 1110 1589 tres
1158 1526 1418 1604 stellae,
1483 1548 1651 1608 quae
1708 1533 2153 1610 apparuerant
2193 1528 2445 1592 Iuliano
2493 1530 2694 1592 sacri-

285 1640 568 1715 ficante,
614 1638 948 1700 interitum
995 1638 1131 1700 eius
1179 1638 1576 1720 significasse
1620 1638 2011 1703 videbantur
2057 1642 2209 1724 (Dio
2257 1640 2545 1704 LXXIII.
2600 1647 2694 1704 14.

286 1760 352 1816 4.
432 1748 598 1817 ὥστε
791 1755 1143 1834 διαθροεῖν
1187 1747 1289 1816 ὅτι
1329 1748 1556 1817 δεινὸν
1598 1747 1781 1841 αὐτῷ
1826 1753 2274 1838 συμβήσεται).

1067 2035 1532 2117 Septimius
1578 2035 1958 2100 Severus

523 2198 794 2262 Praeter
840 2200 1203 2280 Augustum
1265 2204 1330 2261 et
1375 2199 1846 2281 Vespasianum
1891 2199 2106 2263 nullus
2149 2200 2474 2264 invenitur
2522 2201 2701 2282 prin-

295 2334 504 2396 cepS,
552 2312 675 2374 ‘cui
723 2315 909 2374 tanta
948 2310 1392 2393 prodigiorum
1441 2311 1631 2393 copia
1676 2312 2033 2390 exstiterit,
2098 2317 2343 2393 quanta
2389 2311 2702 2394 Septimio

295 2428 573 2490 Severo
665 2422 897 2486 Omina
957 2428 1021 2485 et
1079 2424 1334 2505 imperii
1394 2423 1598 2487 futuri
1645 2429 1711 2487 et
1754 2424 2172 2489 victoriarum
2224 2424 2590 2488 futurarum
2639 2429 2705 2488 et

296 2537 550 2602 mortis
597 2535 857 2599 futurae
903 2534 1230 2617 permulta
1275 2536 1333 2597 ei
1377 2535 1603 2598 oblata
1648 2541 1815 2598 sunt.

528 2649 786 2725 Quanta
833 2646 1214 2710 celebritate
1260 2646 1503 2710 fuerint
1540 2647 1875 2730 prodigia,
1943 2648 2178 2729 quibus
2221 2647 2457 2711 Severo
2503 2648 2704 2730 impe-

297 2764 486 2826 rium
538 2765 860 2824 ostentum
914 2760 1030 2837 sit,
1078 2759 1358 2821 maxime
1403 2759 1552 2822 inde
1600 2760 1901 2841 cognosci
1939 2764 2175 2842 potest,
2223 2759 2397 2842 quod
2445 2766 2509 2823 et
2553 2759 2706 2823 Cas-

301 2876 457 2938 sius
521 2872 641 2934 Dio
713 2871 949 2934 librum
1014 2872 1378 2954 composuit
1441 2871 1520 2934 de
1582 2872 1847 2934 somniis
1910 2877 1976 2934 et
2033 2871 2113 2934 de
2173 2872 2402 2953 signis,
2469 2872 2705 2953 quibus

303 2987 599 3050 Severus
647 2983 730 3046 ad
762 3005 942 3066 spem
971 2983 1379 3067 principatus
1407 2982 1613 3046 futuri
1647 2982 1968 3046 adductus
2011 2984 2096 3046 sit
2126 2984 2278 3067 (Dio
2305 2984 2419 3065 Ep.
2445 2983 2704 3048 LXXII.

305 3104 419 3163 23.
479 3098 558 3179 1),
605 3103 671 3160 et
718 3096 993 3159 Severus
1053 3097 1193 3178 ipse
1259 3116 1559 3176 magnam
1607 3101 1864 3177 partem
1911 3116 2133 3159 eorum
2192 3096 2258 3158 in
2302 3095 2509 3173 libro,
2580 3117 2708 3177 quo

307 3212 524 3274 vitam
589 3229 773 3271 suam
828 3208 1205 3291 descripsit,
1271 3208 1801 3271 commemoravit
1859 3212 2056 3288 atque
2116 3207 2548 3271 monumentis
2591 3189 2710 3290 pu-

306 3322 509 3387 blicis
557 3319 808 3384 effinxit
853 3320 1119 3402 (Herod.
1170 3320 1246 3383 II.
1294 3326 1350 3384 9.
1400 3324 1484 3402 4).

530 3434 920 3515 Priusquam
963 3432 1422 3513 aggrediamur
1470 3431 1553 3494 ad
1602 3431 2045 3494 enumeranda
2085 3432 2334 3510 omina,
2383 3452 2551 3514 quae
2599 3433 2710 3496 Se-

309 3566 477 3610 vero
545 3546 886 3627 imperium
957 3543 1511 3621 denuntiaverint,
1573 3550 1881 3626 portenta
1961 3545 2285 3626 attingere
2357 3565 2518 3627 opus
2594 3551 2711 3622 est,

311 3677 494 3740 quae
558 3657 729 3720 bella
789 3656 1132 3719 Pertinace
1195 3662 1450 3718 mortuo
1510 3656 1683 3719 inter
1730 3657 2038 3734 Severum
2085 3656 2391 3719 Albinum
2439 3655 2712 3737 Nigrum

313 3770 402 3833 de
455 3769 728 3851 imperio
777 3773 1006 3830 exorta
1052 3767 1395 3831 ostendere
1443 3768 1851 3830 videbantur.
1940 3767 2062 3830 Illa
2108 3772 2445 3850 portenta,
2493 3768 2715 3848 qualia

311 3881 584 3958 suerint,
632 3887 830 3962 atque
878 3878 1054 3961 apud
1099 3899 1262 3961 quos
1309 3880 1663 3961 scriptores
1709 3879 2150 3961 reperiantur,
2199 3900 2398 3961 supra
2443 3899 2708 3942 accura-

311 3995 454 4057 tius
504 3992 948 4055 enarravimus
999 3990 1118 4074 (cf.
1150 4011 1298 4073 pag.
1337 3990 1466 4071 47).

534 4103 766 4167 Omina
809 4104 1067 4187 imperii
1102 4108 1454 4167 occurrunt
1499 4102 1699 4166 haec:

741 4216 862 4279 Dio
924 4217 1040 4298 Ep.
1102 4215 1388 4279 LXXIII.
1429 4221 1555 4279 214.
1621 4223 1677 4279 4.
1783 4217 1894 4281 καὶ
1972 4213 2258 4316 τούτους
2334 4216 2719 4302 (Σεουῆρον

639 4331 905 4413 Νίγρον
930 4325 1256 4413 Ἀλβῖνον)
1317 4324 1445 4411 ἄρα
1507 4331 1572 4393 οἱ
1616 4324 1884 4411 ἀστέρες
1946 4329 2011 4392 οἱ
2068 4335 2245 4410 τρεῖς
2295 4329 2360 4392 οἱ
2400 4327 2720 4412 ἐξαίφνης
2814 4391 2831 4404 ,

639 4440 961 4524 φανέντες
1020 4441 1128 4505 καὶ
1185 4438 1307 4506 τὸν
1351 4437 1542 4524 ἥλιον
1589 4438 2055 4524 περισχόντες,
2116 4435 2226 4504 ὅτε
2284 4436 2363 4503 τὰ
2426 4437 2718 4523 ἐσιτήρια

2156 4540 2236 4593 4*
