3167 5067
1283 370 1716 430 ...5.-

522 537 756 602 Ν88810
800 559 883 601 811
928 536 1086 620 quid
1133 536 1372 601 clarius
1406 537 1823 617 demonstret,
1870 543 2185 621 quantum
2228 538 2351 602 Dio
2378 538 2697 622 prodigiis

313 648 650 729 tribuerit,
712 670 909 733 quam
954 650 1130 733 quod
1169 649 1409 714 librum
1455 649 1820 733 composuit
1863 649 1944 713 de
1989 649 2255 715 somniis
2299 654 2499 733 atque
2541 671 2695 734 pro-

318 761 529 844 digiis,
576 783 656 827 ex
692 761 928 844 quibus
958 761 1309 845 Septimius
1338 760 1613 826 Severus
1658 782 1728 826 se
1771 760 2116 845 imperinm
2158 767 2504 827 nacturum
2549 783 2693 846 spe-

310 874 558 938 raverit
612 874 810 959 (Epit.
871 872 1113 937 LXXII
1174 878 1274 938 23.
1329 873 1410 957 l).
1499 872 1659 937 Cum
1719 872 1799 937 de
1858 872 2174 956 prodigiis
2219 879 2408 956 agat,
2456 874 2693 957 quibus

312 984 669 1049 Domitiani
724 1005 899 1049 mors
953 986 1378 1069 praecognita
1423 985 1537 1064 sit,
1610 984 1898 1048 affirmat
1953 1004 2285 1067 nunqnam
2343 984 2477 1049 tale
2536 985 2693 1069 quid

308 1095 454 1160 fieri
495 1097 622 1161 nisi
668 1097 937 1161 ostentis
984 1101 1179 1161 antea
1222 1096 1754 1180 praenuntiatum
1811 1096 1955 1179 (Ep.
2003 1095 2259 1160 LXVII.
2310 1101 2408 1162 16.
2461 1103 2514 1161 1.
2580 1099 2692 1164 καὶ

312 1204 398 1274 οὐ
454 1206 581 1293 γάρ
643 1205 824 1275 ἔστιν
881 1203 1084 1275 οὐδὲν
1153 1217 1293 1275 τῶν
1349 1205 1766 1294 τηλικούτων
1823 1204 2257 1292 ἀπρόοπτον).
2349 1206 2688 1274 Ominibus

307 1318 500 1402 1Ρ818,
559 1340 835 1402 quorum
877 1318 1003 1383 hoc
1058 1318 1202 1383 loco
1246 1319 1640 1383 mentionem
1685 1318 1862 1398 facit,
1907 1318 2187 1383 maxime
2234 1324 2691 1384 commovetur.

309 1430 651 1496 Nonnullis
709 1429 1060 1495 levioribus
1125 1431 1325 1513 signis
1393 1431 1771 1494 memoratis
1833 1430 2089 1495 accedit
2149 1429 2235 1494 ad
2290 1431 2690 1495 narra-ndum

306 1541 489 1620 illud,
536 1541 713 1625 quod
756 1540 1077 1625 Larginus
1117 1541 1432 1606 Proculus
1473 1562 1823 1625 perpessus
1869 1542 1973 1621 sit,
2016 1541 2197 1606 111888
2238 1540 2455 1606 verbis
2500 1564 2689 1607 usus:

310 1650 345 1721 ὁ
391 1654 464 1721 δὲ
510 1652 597 1740 δὴ
641 1651 922 1740 μάλιστα
952 1651 1063 1719 διὰ
1089 1651 1364 1720 πάντων
1405 1650 1597 1733 άξιον
1622 1651 1967 1739 θαυμάσαι
2011 1653 2151 1721 ἐστί
2195 1706 2208 1720 .
2233 1703 2247 1717 .
2274 1706 2287 1720 .
2335 1654 2480 1738 (Ep.
2514 1653 2690 1718 LVII

313 1769 410 1829 16.
461 1765 543 1849 1).
633 1764 792 1830 Cum
839 1764 1205 1848 depinxerit
1236 1765 1563 1847 quomodo
1607 1764 1723 1844 illi,
1768 1764 1900 1846 qui,
1946 1769 2022 1830 ut
2068 1763 2335 1829 canibus
2367 1765 2682 1830 dilacera-

306 1881 523 1955 retur,
566 1876 860 1942 futnrum
906 1896 1047 1941 esse
1087 1875 1540 1960 praedixerat,
1606 1876 1759 1942 talis
1811 1897 1986 1941 mors
2032 1876 2371 1958 obtigerit,
2430 1877 2689 1960 qualem

306 2010 376 2053 se
418 2007 882 2072 perpessurum
927 2009 1069 2052 esse
1111 1989 1710 2070 praenuntiaverat,
1757 1971 2051 2071 quamvis
2094 1987 2505 2052 Domitianus
2552 1989 2687 2053 eni-

304 2122 428 2164 xus
487 2100 603 2179 8113,
679 2105 756 2164 1113
818 2120 963 2164 811111
1030 2099 1159 2163 8110
1220 2098 1540 2182 811ΡΡ11810
1602 2098 1899 2163 afficeret
1952 2100 2097 2183 (Ep.
2153 2099 2390 2163 LXVII
2455 2105 2553 2164 16.
2601 2101 2687 2185 3),

303 2211 500 2276 11111118
544 2211 721 2276 111οᾶ1
765 2210 967 2276 verba
1010 2208 1199 2275 facit:
1262 2211 1384 2296 ἔχω
1432 2212 1503 2278 δὲ
1548 2211 1661 2278 καὶ
1719 2207 1879 2278 ἄλλο
1941 2235 2005 2277 τι
2066 2213 2278 2278 εἰπεῖν
2323 2209 2725 2295 παραδοξό-’

305 2349 544 2400 τατου,
617 2320 653 2391 ὃ
709 2320 981 2391 ἐπειδὰν
1039 2323 1190 2407 περὶ
1250 2331 1368 2408 τῆς
1421 2330 1731 2408 τελευτῆς
1794 2320 2011 2390 αὐτοῦ
2062 2321 2335 2408 φράσω,
2412 2332 2691 2409 σημανῶ

305 2435 452 2520 (Ep.
515 2434 753 2499 LXVII
815 2440 911 2499 17.
976 2436 1055 2518 l).
1158 2434 1325 2498 Dein
1386 2433 1744 2498 Domitiani
1801 2433 2000 2498 caede
2058 2438 2330 2498 narrata
2388 2454 2688 2498 reversus

303 2546 496 2625 illuc,
555 2545 727 2610 unde
787 2546 1081 2626 deflexit,
1139 2545 1357 2630 pergit
1410 2546 1479 2609 in
1536 2545 1712 2609 hunc
1767 2544 2059 2609 modum:
2122 2541 2159 2613 ὃ
2217 2540 2271 2611 δ’
2341 2542 2533 2612 εἶπον
2586 2542 2688 2612 ὅτι

306 2656 474 2741 ὑπὲρ
522 2655 740 2724 πάντα
784 2653 988 2723 τᾶλλα
1031 2655 1384 2743 θαυμάσας
1430 2657 1576 2742 ἔχω,
1637 2652 1772 2724 τόδ’
1826 2657 2007 2724 ἐστίν
2048 2655 2246 2739 (Epit.
2277 2655 2545 2720 LXVIII
2588 2660 2684 2721 18.

309 2770 392 2852 1).
490 2769 671 2832 Tunc
728 2773 960 2832 narrat
1013 2767 1427 2850 Apollonium
1485 2768 1816 2853 Tyaneum
1868 2766 2096 2832 eadem
2141 2766 2244 2831 die
2327 2767 2685 2850 eademque

301 2879 495 2957 hora,
541 2900 670 2963 qua
728 2879 1135 2945 Domitianus
1180 2880 1426 2945 Romae
1475 2878 1859 2944 interfectus
1903 2879 1990 2943 8113
2063 2900 2103 2942 8
2148 2878 2480 2962 Stephano
2527 2900 2685 2961 quo-

306 2991 475 3070 dam,
508 2990 750 3074 Ephesi
777 2991 1272 3058 exclamavisse:
1304 2991 1519 3071 „Bene
1552 2990 1907 3075 Stephane!
1960 2990 2181 3054 occide
2213 2995 2683 3055 cruentatum.“

304 3102 662 3185 Postquam
703 3101 829 3166 hoc
887 3103 1256 3186 prodigium
1314 3103 1669 3181 nuntiavit,
1730 3102 1930 3166 verba
1987 3101 2243 3166 adiicit:
2302 3111 2505 3170 τοῦτο
2562 3105 2687 3189 μὲν

305 3211 520 3292 οὕτως
561 3209 859 3298 ἐγένετο,
913 3212 1042 3281 κᾶν
1098 3213 1406 3301 μυριάκις
1462 3239 1560 3293 τις
1604 3210 1934 3302 ἀπιστήσῃ
1981 3213 2125 3298 (Ep.
2172 3212 2410 3277 LXVII
2458 3219 2553 3278 18.
2597 3215 2683 3297 2).

303 3325 466 3389 Rem
529 3323 922 3389 simillimam
982 3325 1080 3405 ei,
1145 3345 1341 3407 quam
1404 3324 1577 3389 inter
1640 3324 1942 3408 prodigia
1999 3328 2273 3389 mortem
2330 3325 2685 3389 Domitiani

303 3436 739 3519 significantia
782 3436 863 3501 de
913 3436 1256 3519 Apollonio
1304 3436 1562 3522 Tyaneo
1608 3436 1829 3516 refert,
1878 3440 2366 3515 commemorat,
2412 3457 2558 3500 cum
2604 3437 2684 3501 de

303 3547 623 3612 ominibus
643 3598 658 3626 ,
720 3568 905 3631 qnae·
947 3547 1214 3613 caedem
1259 3549 1568 3614 Antonini
1628 3547 1951 3613 Caracalli
1995 3547 2428 3627 ostenderint,
2485 3547 2685 3612 verba

304 3657 525 3738 faciat,
571 3664 768 3740 atque
811 3659 923 3723 illo
970 3680 1230 3743 quoque
1278 3665 1581 3745 portento
1629 3659 1818 3723 valde
1864 3663 2321 3724 commovetur.
2411 3659 2682 3723 Leviore

307 3771 491 3851 signo
534 3773 806 3833 narrato
852 3771 1100 3853 pergit:
1146 3768 1311 3838 ἀλλὰ
1356 3780 1558 3839 τοῦτο
1602 3772 1727 3858 μὲν
1769 3761 1973 3856 ἦττον
2016 3767 2102 3838 ἄν
2145 3795 2244 3849 τις
2282 3769 2681 3858 θαυμάσειε·

303 3881 380 3948 τὸ
429 3883 501 3949 δὲ
547 3880 634 3968 δὴ
675 3881 989 3968 μέγιστον
1035 3934 1048 3949 .
1075 3934 1088 3948 .
1117 3935 1130 3949 .
1175 3882 1535 3965 (LXXVIII
1581 3888 1639 3947 8.
1689 3889 1744 3945 1.
1792 3883 1889 3965 2);
1948 3882 2098 3946 dein
2142 3881 2349 3946 tradit
2388 3881 2470 3947 ab
2512 3883 2683 3947 auri-

303 3993 402 4076 gis
453 3994 640 4058 victis
685 3994 1006 4059 cornicem
1029 4043 1044 4073 ,
1091 4014 1259 4077 quae
1318 3994 1394 4057 in·
1432 3993 1715 4058 obelisco
1774 3993 2005 4058 sedens
2047 3992 2401 4074 ululasset,
2464 3993 2681 4059 subito

305 4104 495 4187 quasi
537 4125 668 4168 una
725 4126 883 4169 voce
939 4105 1337 4185 „Martialis“
1396 4106 1800 4169 nominatam
1859 4109 2058 4188 atque
2121 4103 2474 4170 salutatam
2520 4127 2682 4187 esse,

309 4236 436 4280 non
476 4214 650 4298 quod
700 4217 805 4279 avi
846 4237 1082 4282 nomen
1125 4216 1445 4281 Martialis
1485 4215 1735 4296 fnisset,
1781 4216 1897 4281 sed
1953 4216 2128 4300 quod
2172 4217 2439 4300 aurigae
2482 4218 2684 4282 Anto-

302 4326 439 4391 nini
481 4326 968 4391 interfectorem
985 4379 999 4408 ,
1068 4328 1173 4393 cui
1214 4327 1379 4393 illud
1437 4349 1673 4393 nomen
1732 4332 1904 4407 erat,
1951 4326 2170 4392 divina
2224 4329 2411 4409 quasi
2466 4328 2682 4411 provi-

305 4437 525 4503 dentia
569 4438 859 4504 salutare
900 4438 1302 4505 voluisssent.
