3167 5067
741 493 850 578 (de
895 468 1043 558 aliis
1085 493 1320 577 signis,
1369 515 1537 577 quae
1582 493 1709 557 Dio
1754 493 1879 558 hoc
1930 493 2077 558 loco
2126 495 2689 573 commemoravit,
2753 493 2970 558 infra

534 606 711 690 apud
754 583 1341 671 Diadumenianuin
1388 605 1778 690 referamus)

945 717 1030 786 ib.
1080 724 1180 784 40.
1227 722 1287 782 4.
1377 716 1545 797 Ζεὺς
1618 716 1655 786 ὁ
1728 723 1942 805 Βῆλος
2000 716 2318 809 χρωμένῳ
2394 720 2461 786 οἱ
2528 719 2961 809 (Μακρίνῳ)

844 811 1013 897 αὐτὸ
1058 838 1263 897 τοῦτο
1310 828 1440 916 ἔφη

947 930 1021 1010 ὀἷ
1067 940 1290 1028 γέρον,
1335 930 1379 1028 ἦ
1421 940 1596 1028 μάλα
1642 940 1730 1028 δή
1771 958 1842 1009 σε
1887 941 2028 1009 νέοι
2071 945 2369 1026 τείρουσι
2409 946 2721 1029 μαχηταί,

946 1052 1032 1140 σὴ
1072 1054 1143 1121 δὲ
1176 1057 1288 1140 βίη
1328 1053 1616 1134 λέλυται,
1662 1053 1951 1139 χαλεπὸν
1995 1054 2067 1121 δέ
2102 1071 2173 1121 σε
2207 1062 2417 1139 γῆρας
2460 1052 2693 1122 ἷκάνει’
2741 1057 2949 1139 (Zon.

1049 1166 1192 1231 XII.
1241 1165 1366 1249 13).

1360 1364 2105 1433 DiadumenianuS.

737 1502 1046 1569 Antonini
1070 1502 1576 1568 Diadumeniani
1608 1502 1807 1567 vitam
1849 1501 2012 1566 nihil
2040 1501 2463 1566 memorabile
2495 1501 2764 1582 habere,
2801 1504 2946 1567 nisi

534 1614 710 1699 quod
740 1614 1100 1679 Antoninus
1141 1615 1228 1679 sit
1267 1614 1479 1680 dictus
1524 1619 1592 1679 et
1636 1613 1811 1696 quod
1855 1614 1915 1679 ei
1945 1613 2269 1697 stupenda
2306 1614 2523 1679 omina
2562 1614 2694 1679 sint
2738 1615 2939 1680 facta

532 1726 790 1811 imperii
833 1748 964 1792 non
1006 1727 1260 1807 diutini,
1306 1727 1530 1794 Aelius
1581 1725 1996 1811 Lampridius
2040 1725 2345 1792 affirmat.

738 1838 932 1923 Apud
969 1839 1246 1904 Dionem
1292 1860 1491 1904 unum
1535 1838 1862 1903 invenitur
1910 1859 2099 1903 omen
2141 1838 2430 1922 imperii,
2496 1838 2674 1922 quod
2719 1861 2940 1923 supra

532 1952 664 2017 iam
708 1951 1099 2017 adduximus
1143 1950 1295 2033 (Dio
1328 1951 1446 2035 Ep.
1473 1950 1824 2016 LXXVIII.
1849 1955 1908 2015 4.
1943 1956 2013 2032 13
2061 1949 2140 2015 cf.
2186 1971 2334 2034 pag.
2364 1952 2491 2035 66).

737 2063 975 2129 Nescio
1023 2084 1108 2128 an
1148 2063 1217 2132 in
1265 2063 1588 2129 ominibus
1644 2063 1901 2147 imperii
1936 2061 2333 2148 'habendum
2380 2063 2495 2156 sit,
2559 2063 2735 2146 quod
2781 2063 2935 2128 Ma·

533 2176 752 2241 crinus
817 2175 1065 2242 idcirco
1138 2176 1346 2240 filium
1403 2175 1802 2240 Antoninum
1863 2174 2294 2259 appellavisse
2362 2174 2623 2240 videtur
2642 2225 2657 2255 ,
2744 2177 2934 2259 quia,

535 2308 681 2353 cum
736 2287 889 2352 olim
925 2293 1110 2353 vates
1158 2286 1716 2371 Carthaginiensis
1762 2288 1965 2353 octies
2008 2308 2243 2352 nomen
2274 2287 2585 2351 Antonini
2621 2287 2933 2369 ediderit,

531 2404 678 2464 octo
708 2399 1066 2464 Antoninos
1105 2398 1456 2464 exstituros
1501 2420 1643 2464 esse
1686 2398 1978 2464 homines
2022 2400 2590 2480 existimaverunt3
2638 2399 2754 2464 sed
2799 2400 2926 2467 ob.-

529 2511 783 2576 scurior
846 2511 1201 2577 verborum
1252 2515 1595 2577 contextus
1656 2510 1835 2596 apud
1881 2511 2313 2594 Capitolinum
2358 2509 2639 2594 (Opilius
2681 2511 2932 2575 Macri-

532 2645 652 2688 nus
698 2624 765 2708 3)
821 2628 923 2688 est
941 2674 956 2703 ‚
1029 2644 1225 2706 quam
1286 2628 1362 2688 ut
1418 2623 1594 2688 clare
1654 2644 2046 2706 cognoscere
2102 2623 2425 2707 possimus
2446 2673 2461 2701 ‚
2524 2628 2743 2687 utrum
2808 2623 2934 2688 illa

530 2734 931 2819 nuncupatio
976 2756 1097 2819 pro
1143 2735 1354 2800 omine
1401 2735 1659 2820 imperii
1705 2736 1905 2800 ducta
1949 2736 2035 2800 sit
2076 2756 2297 2800 necne.

739 2846 1077 2931 Stupenda
1149 2847 1367 2912 omina
1421 2847 1680 2932 imperii
1750 2867 1879 2912 non
1953 2846 2186 2912 diutini
2245 2848 2446 2912 refert
2501 2847 2929 2932 Lampridius

531 2958 727 3023 haec:

947 3071 1134 3136 Diad.
1182 3077 1240 3136 4.
1292 3077 1346 3136 1.
1438 3071 1582 3151 „die
1620 3092 1753 3155 qua
1795 3077 1991 3137 natus
2036 3076 2137 3136 est
2168 3077 2360 3155 pater
2399 3072 2538 3137 eius
2571 3093 2927 3156 purpuras,

841 3188 1000 3248 tunc
1042 3182 1212 3248 forte
1257 3189 1648 3267 procurator
1702 3185 1942 3249 aerarii
1984 3184 2268 3263 maioris,
2314 3183 2601 3268 inspexit
2642 3190 2709 3249 et
2753 3206 2929 3267 quas

846 3295 1060 3360 claras
1103 3294 1410 3379 probavit
1447 3297 1514 3360 in
1572 3295 1641 3360 id
1687 3296 1992 3362 conclave
2036 3296 2248 3379 redigi
2289 3296 2630 3380 praecepit
2675 3297 2741 3359 in
2791 3317 2929 3378 quo

725 3428 732 3434 ·
841 3412 993 3490 post
1027 3407 1191 3471 duas
1235 3406 1433 3472 horas
1480 3408 1923 3473 Diadumenus
1966 3414 2162 3473 natus
2208 3414 2345 3473 est“

944 3518 1030 3585 ib.
1076 3525 1134 3584 4.
1184 3523 1240 3583 3.
1330 3525 1442 3599 „at
1485 3520 1611 3585 iste
1659 3542 1825 3604 puer
1867 3520 2133 3603 pilleum
2178 3541 2305 3584 non
2338 3520 2573 3585 habuit
2618 3520 2734 3585 sed
2780 3520 2929 3585 dia-

842 3631 1033 3696 dema
1071 3636 1286 3711 tenue,
1332 3630 1448 3696 sed
1488 3632 1584 3697 ita
1625 3631 1796 3698 forte
1841 3638 1917 3698 ut
1960 3633 2174 3717 rumpi
2219 3652 2349 3697 non
2379 3633 2688 3716 potuerit,
2735 3632 2930 3698 fibris

839 3741 1401 3809 intercedentibus
1446 3744 1663 3828 specie
1707 3745 1890 3811 nervi
1936 3745 2275 3828 sagittari“

942 3855 1028 3920 ib.
1077 3864 1134 3919 4.
1184 3862 1240 3920 5.
1330 3856 1435 3936 „in
1494 3877 1653 3940 agro
1697 3857 1907 3940 patris
1958 3856 2096 3922 eius
2141 3877 2292 3922 oves
2333 3877 2699 3940 purpureas
2746 3857 2915 3923 duo-

842 3967 1052 4031 decim
1095 3965 1316 4039 ferunt
1354 3973 1565 4047 natas,
1608 3989 1886 4051 quarum
1927 3989 2059 4033 una
2099 3973 2357 4033 tantum
2401 3968 2586 4032 varia
2629 3967 2877 4033 fuerit²‘

859 4156 863 4161 ,
941 4078 1028 4143 ib.
1080 4083 1138 4142 4.
1184 4083 1241 4143 6.
1331 4080 1597 4160 „eadem
1651 4081 1756 4145 die
1801 4101 1932 4163 qua
1974 4080 2081 4144 hic
2125 4086 2319 4145 natus
2365 4085 2465 4146 est
2518 4078 2811 4162 aquilam
2865 4084 2931 4146 ei

841 4195 1099 4255 constat
1164 4191 1400 4256 sensim
1452 4192 1832 4275 palumbum
1902 4193 2153 4276 regium
2215 4192 2558 4275 parvulum
2618 4192 2934 4258 attulisse

841 4310 908 4366 et
950 4304 1244 4387 posuisse
1290 4305 1356 4367 in
1385 4305 1566 4368 cunis
1610 4305 1957 4368 dormienti
2003 4326 2081 4368 ac
2127 4306 2474 4369 recessisse
2522 4305 2657 4367 sine
2705 4314 2930 4369 noxa“

944 4415 1417 4498 „panthagathi
1462 4417 1527 4479 in
1574 4416 1765 4480 domo
1811 4418 2021 4500 patris
2074 4418 2213 4480 eius
2258 4418 2478 4481 nidum
2517 4425 2933 4500 posuerunt“
