3167 5067
1432 349 1865 407 ...74-

763 513 1113 577 tentorium
1141 513 1541 594 deciderunt,
1590 535 1735 579 cum
1778 517 2066 580 tentoria
2108 517 2534 600 imperatoria
2576 516 2679 581 his
2725 518 2854 582 ad-

696 675 701 681 .
765 646 934 690 nexa
977 630 1230 690 essent“
2878 632 2882 634 ’

866 736 952 802 ib.
999 743 1098 803 60.
1145 744 1202 802 6.
1294 738 1564 817 „mulier
1628 739 1835 824 Dryas
1897 740 2074 804 eunti
2141 740 2533 806 exclamavit
2586 741 2854 806 Gallico

764 870 1092 915 sermone:
1138 848 1378 915 ‘Vadas
1422 871 1542 914 nec
1586 851 1925 916 victoriam
1967 873 2193 936 speres
2238 873 2357 918 nec
2400 857 2466 917 te
2501 852 2694 917 militi
2724 859 2852 917 tuo

765 960 1011 1026 credas'
1032 967 1068 997 ‘⁴

866 1072 953 1138 ib.
1001 1079 1101 1139 60.
1150 1080 1206 1138 7.
1295 1073 1625 1153 „tribunal
1683 1075 2010 1155 ascendit,
2086 1081 2160 1141 ut
2219 1076 2711 1140 contionaretur
2777 1083 2853 1142 et

765 1184 1048 1249 faustum
1096 1185 1345 1269 aliquid
1384 1185 1665 1266 diceret,
1733 1192 1801 1252 et
1859 1188 1956 1251 ita
2000 1187 2255 1272 coepit:
2327 1187 2597 1267 „Occiso
2633 1188 2849 1272 impe-

764 1301 985 1361 ratore
1031 1297 1497 1381 Heliogabalo&

660 1410 804 1489 Qua
844 1409 1098 1474 ratione
1140 1409 1627 1475 interficiendus
1675 1416 1870 1491 esset,
1924 1411 2372 1497 Thrasybulus
2414 1412 2843 1477 mathemati-

457 1541 569 1584 cus
588 1571 603 1600 ,
668 1520 728 1584 ei
799 1521 1227 1586 amicissimus
1246 1572 1261 1602 ‚
1323 1523 1934 1606 praenuntiaverat,
2001 1545 2147 1588 cum
2210 1522 2482 1589 dixisset
2557 1525 2846 1589 necessi-

455 1633 660 1696 tatem
705 1653 867 1712 esse,
911 1637 987 1697 ut
1029 1633 1245 1717 gladio
1288 1633 1640 1700 barbarico
1685 1636 1934 1719 periret
1976 1635 2090 1721 (ib.
2139 1640 2239 1701 62.
2285 1638 2390 1721 2)ἐι

1236 1832 1741 1899 Maximinus
1784 1834 2065 1899 maior.

703 1968 1029 2034 Nonnulla
1094 1969 1447 2035 Maximino
1515 1970 1739 2036 oblata
1805 1976 1960 2037 sunt
2022 1976 2089 2036 et
2152 1973 2408 2056 imperii
2476 1979 2543 2037 et
2608 1974 2846 2038 mortis

456 2081 687 2144 omina.

662 2194 1085 2260 Maximinum
1131 2217 1308 2279 spem
1375 2195 1782 2279 principatus
1838 2218 1919 2261 ex
1975 2196 2423 2281 compluribus
2468 2197 2668 2280 signis
2715 2197 2839 2261 du-

455 2308 628 2371 xisse
671 2306 946 2389 legimus
987 2307 1161 2390 apud
1202 2306 1668 2387 Herodianum,
1715 2308 1819 2372 Vl.
1866 2313 1923 2373 8.
1974 2314 2046 2373 6:
2093 2306 2410 2388 πολλάκις
2454 2304 2639 2399 αὐτῷ
2684 2308 2847 2394 πρό-

348 2454 353 2458 ·
456 2444 687 2503 τερον,
757 2416 842 2498 ὡς
880 2418 1080 2504 ἔλεγε,
1123 2428 1438 2506 χρησμῶν
1481 2421 1594 2487 καὶ
1662 2416 2029 2505 ὀνειράτων
2082 2419 2208 2507 τὴν
2250 2418 2588 2507 τοσαύτην
2631 2419 2848 2508 τύχην

456 2529 975 2617 προειρηκότων.

665 2642 857 2726 Apud
914 2644 1351 2727 Capitolinum
1437 2649 1945 2709 commemorata
2021 2644 2313 2710 videmus
2386 2645 2553 2709 haec
2624 2646 2849 2709 omina

458 2754 749 2839 imperii:
1412 2731 1420 2741 ’

871 2867 1041 2933 Max.
1089 2874 1188 2933 30.
1243 2874 1294 2932 1.
1383 2890 1690 2952 „serpens
1735 2868 2082 2933 dormient-i
2126 2874 2326 2952 caput
2375 2869 2847 2933 circumdedit“

872 2981 1127 3064 „posita
1186 2979 1272 3045 ab
1332 2980 1558 3046 eodem
1620 2980 1769 3044 vitis
1830 2981 2006 3044 intra
2058 3001 2297 3045 annum
2341 2981 2637 3064 ingentes
2683 3002 2847 3046 uvas

764 3114 1131 3176 purpureas
1177 3092 1402 3157 attulit
1445 3098 1512 3157 et
1553 3093 1758 3157 mirae
1799 3091 2267 3175 magnitudinis
2311 3092 2493 3158 facta
2528 3098 2667 3157 est“

872 3210 1165 3284 „scutum
1211 3205 1349 3270 eius
1393 3203 1515 3271 sub
1562 3204 1699 3270 sole
1743 3204 1945 3269 arsit“

871 3316 958 3382 ib.
1020 3323 1122 3383 30.
1184 3323 1244 3381 2.
1335 3315 1671 3397 „lanceola
1728 3317 1822 3381 sic
1879 3316 2035 3381 fissa
2092 3321 2193 3381 est
2244 3316 2512 3381 fulmine
2572 3321 2648 3382 ut
2702 3322 2852 3381 tota

773 3429 972 3492 etiam
1031 3449 1150 3512 per
1208 3428 1449 3493 ferrum
1512 3427 1873 3492 finderetur
1935 3432 2002 3492 et
2076 3428 2239 3493 duas
2297 3434 2523 3512 partes
2577 3428 2849 3493 faceret.

772 3539 1032 3622 quando
1078 3539 1384 3604 dixerunt
1425 3540 1825 3623 haruspices,
1866 3539 2030 3604 duos
2058 3539 2489 3623 imperatores
2534 3562 2661 3606 non
2704 3540 2851 3606 diu-

770 3658 998 3717 turnos
1042 3673 1123 3716 ex
1167 3673 1298 3716 una
1341 3652 1533 3716 domo
1577 3652 1783 3717 isdem
1827 3652 2195 3716 nominibus
2242 3651 2538 3717 futuros“

872 3763 956 3828 ib.
1005 3770 1104 3829 30.
1151 3769 1206 3830 3.
1299 3763 1542 3844 „lorica
1571 3765 1781 3847 patris
1812 3765 1950 3829 eius
1982 3752 2127 3844 non,
2173 3769 2247 3829 ut
2284 3763 2466 3844 solet,
2509 3764 2849 3847 ferrugine

771 3876 885 3942 sed
929 3881 1071 3941 tota
1112 3897 1442 3960 purpureo
1488 3876 1705 3941 colore
1747 3876 1994 3941 infecta
2038 3898 2079 3941 a
2121 3876 2418 3960 plurimis
2465 3876 2602 3941 visa
2645 3881 2785 3940 esti‘

669 3990 869 4072 Signa
913 3989 1143 4052 mortis
1186 3996 1451 4071 praeter
1488 3988 1650 4053 illud
1713 4009 1901 4053 omen
1959 3989 2216 4073 imperii
2277 4009 2405 4052 non
2448 3988 2684 4052 diutini
2733 3988 2854 4073 (ib.

466 4108 565 4167 30.
615 4103 682 4186 2)
725 4101 857 4165 iam
902 4121 1103 4184 supra
1147 4105 1721 4165 commemoratum
1767 4101 2022 4184 accepit
2065 4100 2261 4164 haec:

871 4212 957 4278 ib.
984 4217 1083 4277 22.
1116 4217 1168 4277 1.
1214 4212 1619 4293 „Menofilius
1651 4262 1665 4276 .
1688 4261 1701 4276 .
1725 4262 1738 4276 .
1786 4211 2025 4292 dicens,
2073 4212 2268 4276 etiam
2301 4211 2495 4277 deum
2530 4211 2854 4277 Belenum

771 4348 891 4410 per
913 4325 1294 4408 haruspices
1332 4323 1763 4408 respondisse,
1810 4324 2231 4389 Maximinum
2279 4344 2420 4389 esse
2467 4323 2859 4388 vicendum“
