3167 5067
1343 368 1602 430 —33
1709 402 1793 413 ..-

645 537 845 601 dubia
890 537 1075 620 signa
1114 537 1320 602 futuri
1364 539 1677 620 cuiusque
1723 538 1874 602 fati:
1924 538 2203 621 primum
2250 537 2480 603 exilem
2533 589 2711 603 .....

643 649 996 713 secundum
1043 649 1491 732 praevalidum
1543 699 1717 714 .....
1765 650 2031 714 tertium
2072 671 2224 715 vero
2267 651 2477 715 instar
2522 651 2712 716 arbo·

642 762 747 825 ris,
840 763 1056 840 Quare
1099 766 1355 844 patrem
1391 761 1704 826 Sabinum
1750 761 1985 840 ferunt,
2031 762 2404 846 haruspicio
2446 763 2714 847 insuper

642 874 1123 952 confirmatum,
1168 874 1577 938 renuntiasse
1625 875 1853 953 matri,
1913 880 2213 958 nepotem
2258 876 2318 939 ei
2367 874 2711 940 Gaesarem

641 985 966 1067 genitum“

743 1119 927 1178 „cum
986 1096 1262 1162 aedilem
1325 1118 1471 1162 eum
1516 1098 1581 1162 O.
1629 1098 1870 1163 Caesar
2056 1097 2195 1164 luto
2251 1099 2550 1165 iussisset
2598 1121 2712 1184 op-

640 1209 806 1293 pleri
851 1216 1158 1293 congesto
1191 1232 1309 1294 per
1343 1210 1582 1275 milites
1627 1210 1693 1274 in
1725 1215 2107 1294 praetextae
2151 1213 2379 1292 sinum,
2428 1233 2559 1277 non
2600 1212 2710 1277 de-

640 1323 904 1387 fuerunt
963 1323 1075 1406 qui
1147 1323 1743 1406 interpretarentur
1787 1373 1800 1387 .
1828 1374 1840 1387 .
1867 1373 1881 1386 .
1927 1343 2065 1388 rem
2120 1323 2449 1407 publicam
2496 1375 2509 1390 .
2538 1375 2550 1389 .
2578 1375 2592 1391 .
2638 1327 2707 1390 in

639 1435 832 1518 (eius)
862 1436 1175 1517 gremium
1214 1422 1675 1499 deventuram“
1717 1435 1868 1517 (Dio
1891 1434 2053 1499 LIX.
2085 1440 2181 1501 12.
2213 1441 2283 1517 33
2328 1436 2480 1501 Zon.
2507 1437 2616 1501 XI.
2644 1438 2709 1521 5)

741 1546 1141 1630 „prandente
1214 1567 1289 1610 eo
1351 1546 1710 1629 quondam,
1775 1546 1953 1611 canis
2029 1548 2354 1612 extrarius
2417 1569 2451 1613 e
2517 1549 2709 1613 trivio

635 1680 897 1723 manum
941 1659 1289 1723 humanam
1335 1658 1557 1723 intulit
1601 1678 1994 1742 mensaeque
2042 1658 2358 1724 subiecit“
2397 1659 2549 1743 (Dio
2592 1661 2710 1744 Ep.

634 1771 856 1836 LXVI.
910 1778 960 1836 1.
1010 1777 1046 1834 2

736 1772 1088 1962 „coenante
1133 1871 1391 1962 rursuS.
1424 1883 1543 1947 bos
1588 1887 1813 1947 arator
1842 1883 2128 1960 „decusso
2171 1884 2324 1967 iugo
2351 1884 2707 1950 triclinium

634 1995 928 2078 irripuit,
989 2016 1067 2059 ac
1126 2046 1139 2060 .
1166 2045 1178 2059 .
1209 2045 1222 2059 .
1289 1994 1572 2078 procidit
1634 1995 1716 2058 ad
1778 1995 1955 2078 ipsos
2017 1997 2461 2061 accumbentis
2505 1997 2708 2080 pedes

637 2108 1082 2190 cervicemque
1128 2106 1486 2172 summisit“
1533 2106 1686 2189 (Dio
1731 2106 1817 2172 ib.
1868 2113 1921 2171 1.
1969 2109 2035 2192 2)
2119 2149 2124 2153 -

739 2219 976 2300 „arbor
1022 2239 1279 2302 quoque
1325 2239 1673 2303 cupressus
1715 2219 1798 2283 -in
1843 2239 2001 2302 agro
2048 2220 2221 2284 avito
2269 2222 2407 2285 sine
2451 2219 2588 2286 ulla
2644 2223 2709 2286 vi

634 2333 1041 2416 tempestatis
1088 2331 1310 2397 evulsa
1360 2331 1677 2396 radicitus
1867 2332 2236 2415 insequenti
2289 2333 2393 2398 die
2437 2323 2709 2401 viridior

635 2466 711 2509 ac
774 2445 1024 2509 firmior
1085 2444 1483 2509 resurrexit“
1544 2443 1696 2527 (Dio
1755 2443 1842 2509 ib.
1896 2449 1949 2508 1.
1996 2450 2052 2510 3.
2145 2443 2500 2532 πρόῤῥιζος
2575 2443 2708 2514 ὑπὸ

635 2558 946 2643 σφοδροῦ
1007 2555 1384 2643 πνεύματος
1444 2552 1917 2642 ἆνατραπεῖσα.
2010 2558 2211 2622 Tacit.
2256 2557 2405 2623 hist.
2449 2559 2529 2623 ΙΙ.
2581 2560 2708 2643 78.)

737 2669 1152 2749 „somniavit,
1220 2669 1476 2732 initium
1539 2669 1664 2733 sibi
1710 2669 1974 2752 suisque
2020 2669 2354 2735 felicitatis
2396 2670 2709 2750 futurum,

648 2780 838 2845 simul
898 2803 977 2845 ac
1034 2781 1193 2846 dens
1240 2779 1486 2845 Neroni
1531 2787 1870 2864 exemptus
1924 2788 2134 2864 esset3
2194 2783 2569 2866 evenitque,
2633 2788 2711 2848 ut

632 2894 931 2977 sequenti
987 2893 1092 2958 die
1304 2892 1595 2958 medicus
1655 2893 1914 2959 dentem
1970 2894 2029 2959 ei
2092 2895 2503 2970 ostenderet“
2550 2896 2703 2980 (Dio

630 3006 714 3071 ib.
765 3012 818 3070 1.
867 3007 932 3090 3)

736 3119 953 3203 „apud
1010 3118 1321 3183 Iudaeam
1369 3116 1648 3183 Carmeli
1705 3118 1809 3182 dei
1845 3119 2205 3190 oraculum
2265 3118 2708 3185 consulentem

631 3231 728 3295 ita
772 3230 1232 3295 confirmarere
1282 3236 1508 3309 sorteS‚
1555 3236 1631 3295 ut
1676 3230 1994 3314 quidquid
2026 3231 2349 3314 cogitaret
2388 3231 2707 3297 volveret-

632 3365 757 3426 que
805 3345 1051 3423 animo,
1121 3342 1482 3435 quamlibet
1537 3364 1877 3426 magnum,
1940 3343 2008 3407 id
2054 3357 2194 3408 esse
2237 3331 2707 3428 proventurum

630 3442 1134 3539 pollicerentur“
1183 3456 1360 3540 (Tac.
1405 3455 1555 3520 hist.
1600 3455 1679 3520 II.
1728 3443 1837 3540 78)
1915 3495 1918 3498 -

736 3568 910 3633 Suet.
952 3568 1144 3652 Vesp.
1191 3574 1249 3632 4.
1342 3567 1850 3651 „percrebuerat
1894 3567 2159 3635 Oriente
2212 3575 2354 3635 toto
2415 3577 2600 3636 vetus
2644 3576 2711 3636 et

632 3685 938 3745 constans
984 3680 1236 3763 opinio,
1300 3701 1441 3745 esse
1501 3680 1569 3745 in
1632 3680 1787 3745 fatis
1861 3686 1936 3746 ut
2004 3703 2079 3748 eo
2126 3665 2419 3765 tempore
2463 3682 2710 3747 Iudaea

631 3792 910 3877 profecti
956 3813 1176 3856 rerum
1219 3778 1604 3876 potirentur.
1693 3792 1770 3856 Id
1831 3791 1912 3857 de
1955 3793 2352 3877 imperatore
2395 3793 2707 3873 Romano,

633 3910 950 3987 quantum
993 3910 1223 3988 postea
1269 3910 1503 3969 eventu
1549 3889 1787 3987 paruit,
1834 3890 2243 3987 praedictum
2291 3910 2420 3969 ...“

296 4020 492 4105 (Tac.
533 4016 682 4082 hist.
725 4018 798 4082 V.
848 4022 964 4096 133
1011 4017 1162 4081 Zon.
1211 4016 1321 4082 XI.
1376 4021 1493 4097 163
1539 4017 1829 4081 Zonaras
1874 4015 2222 4082 existimat
2249 4002 2377 4081 non
2422 4017 2508 4082 ad
2551 4016 2706 4083 Ves-

293 4132 655 4217 pasianum
676 4180 690 4209 ‚
759 4129 875 4194 sed
935 4129 1021 4193 ad
1077 4128 1118 4193 J
1122 4149 1299 4193 esum
1366 4129 1694 4194 Christum
1752 4135 2051 4212 spectare
2119 4113 2281 4194 illud
2343 4130 2705 4211 oraculum;

295 4243 602 4320 Orosius,
654 4242 791 4306 VII.
819 4248 877 4306 9.
905 4247 962 4321 2,
1007 4222 1237 4305 narrat
1266 4240 1545 4306 Iudaeos
1592 4240 2000 4323 quibusdam'
2032 4243 2097 4305 in
2146 4229 2442 4306 Carmelo
2486 4248 2706 4306 monte

292 4347 621 4430 sortibus,
679 4374 846 4435 quae
889 4353 1356 4437 portenderent
1401 4359 1665 4418 exortos
1712 4338 1751 4418 a
1796 4353 2041 4419 Iudaea
2088 4337 2285 4418 duces
2328 4373 2545 4422 rerum
2594 4377 2706 4439 po*

287 4470 553 4535 tituros
602 4486 774 4544 esse,
822 4465 1126 4530 seductos
1174 4488 1314 4530 esse
1361 4467 1445 4530 ad
1490 4451 1938 4550 rebellionem)

2189 4571 2222 4621 3
