3167 5067
1253 371 1688 430 „17—

276 535 658 603 credebant.
749 538 1198 621 Aquileienses
1241 559 1394 603 vero
1443 539 1525 603 ob
1572 560 1718 603 eam
1766 560 2032 604 causam
2078 544 2213 605 tam
2260 537 2522 605 fortiter
2567 560 2669 605 re-

274 651 603 730 stiterant,
647 649 822 733 quod
867 650 951 715 ab
998 650 1458 733 haruspicibus
1509 656 1949 734 cognoverant
1996 673 2065 717 se
2101 672 2243 717 esse
2289 652 2575 718 victuros
2598 652 2669 737 1).

487 762 826 827 Postremo
877 783 1455 827 commemoremus
1497 763 1995 844 Diocletianum,
2042 764 2146 828 cui
2176 764 2389 850 Dryas
2432 765 2666 830 mulier

272 876 343 938 in
376 875 596 939 Gallia
639 875 969 958 quondam
1015 897 1161 941 eum
1203 877 1666 958 imperatorem
1701 876 1995 941 futurum
2038 896 2198 956 esse,
2240 898 2388 942 cum
2419 880 2669 961 Aprum

273 987 608 1067 occiderit,
653 988 1093 1071 praedixerat,
1141 987 1501 1071 cupiditate
1544 989 1803 1071 imperii
1834 988 2168 1053 incensum
2213 989 2281 1052 in
2315 990 2661 1055 venatibus

273 1120 534 1183 semper
594 1119 789 1183 apros
850 1100 1165 1164 occidisse
1227 1106 1293 1165 et
1350 1101 1555 1165 multo
1619 1106 1771 1184 post
1828 1122 1867 1165 a
1925 1101 2240 1165 militibus
2303 1103 2669 1185 Augustum

272 1212 679 1296 appellatum
726 1212 950 1277 statim
995 1215 1243 1296 Aprum
1302 1213 1711 1297 praefectum
1753 1214 2088 1297 praetorio
2134 1213 2353 1297 gladio
2396 1235 2669 1299 percus-

272 1326 437 1389 sisse
483 1330 682 1407 atque
721 1326 935 1407 ipsum
980 1324 1220 1390 dixisse
1266 1326 1550 1405 „nullam
1597 1326 1796 1390 aliam
1840 1326 1966 1391 sibi
2012 1346 2279 1391 causam
2321 1325 2663 1391 occidendi

271 1458 475 1501 manu
535 1457 656 1501 sua
716 1437 919 1502 fuisse
979 1440 1227 1520 Aprum
1286 1439 1411 1502 nisi
1472 1444 1548 1503 ut
1602 1438 1906 1521 impleret
1956 1438 2237 1523 Dryadis
2298 1438 2543 1511 dictum
2604 1443 2670 1503 et

273 1570 466 1614 suum
510 1548 805 1613 firmaret
847 1550 1193 1633 imperium
1212 1550 1282 1634 2).

484 1773 962 1856 Aggrediamur
1020 1795 1193 1838 nunc
1238 1774 1323 1838 ad
1367 1774 1624 1858 singula
1667 1776 1884 1839 omina
1943 1774 2121 1859 apud
2167 1775 2455 1858 singulos
2499 1773 2659 1839 Cae-

274 1907 463 1951 sares
509 1886 816 1970 deinceps
862 1885 1319 1952 enumeranda.

1229 2085 1623 2150 Tiberius
1648 2084 1720 2169 3).

483 2222 747 2287 Tiberio
781 2222 1048 2288 Caesari
1091 2223 1350 2307 imperii
1394 2223 1612 2287 omina
1657 2222 1883 2287 oblata
1914 2222 2267 2288 traduntur
2298 2223 2662 2308 compluria

270 2341 476 2418 atque
522 2356 601 2399 ea
647 2335 824 2419 apud
870 2336 1269 2412 Suetonium,
1316 2336 1609 2415 Dionem,
1656 2335 1973 2400 Tacitum.

693 2448 868 2512 Suet.
915 2448 1053 2513 Tib.
1109 2455 1206 2513 14.
1299 2469 1708 2532 „praegnans
1752 2448 1926 2512 enim
1959 2447 2146 2512 Livia
2191 2465 2356 2528 cum,
2401 2469 2486 2514 an
2529 2470 2667 2514 ma-

586 2581 726 2625 rem
771 2561 1032 2625 editura
1076 2566 1281 2641 esset,
1338 2561 1537 2625 variis
1584 2565 1887 2644 captaret
1931 2560 2287 2640 ominibus,
2333 2580 2525 2626 ovum
2568 2562 2666 2625 in-

590 2672 858 2737 cubanti
888 2672 1170 2755 gallinae
1200 2673 1593 2738 subductum
1638 2694 1810 2737 nunc
1854 2693 1975 2737 sua
2019 2694 2190 2738 nunc
2220 2672 2668 2738 ministrarum

587 2805 784 2849 manu
836 2806 957 2868 per
1002 2785 1175 2849 vices
1236 2806 1442 2868 usque
1486 2784 1680 2865 fovit,
1745 2785 1963 2867 quoad
2019 2785 2239 2869 pullus
2317 2784 2661 2870 insigniter

589 2897 895 2962 cristatus
941 2898 1241 2962 exclusus
1287 2903 1423 2962 est“

690 3009 810 3088 „de
854 3009 1102 3074 infante
1157 3009 1535 3075 Scribonius
1578 3009 2082 3075 mathematicus
2122 3009 2469 3093 praeclara
2514 3030 2662 3094 spo-

586 3121 848 3204 pondit,
907 3123 1103 3186 etiam
1158 3128 1583 3205 regnaturum
1636 3122 2027 3204 quandoque
2048 3172 2063 3201 ,
2125 3121 2240 3185 sed
2299 3123 2438 3186 sine
2481 3123 2663 3205 regio

586 3233 842 3317 insigni,
888 3234 1114 3316 ignota
1159 3234 1410 3299 scilicet
1452 3239 1610 3299 tunc
1654 3234 1870 3298 adhuc
1893 3233 2245 3298 Caesarum
2289 3238 2660 3317 potestate“

690 3346 1020 3429 „ingresso
1063 3348 1344 3430 primam
1385 3345 1860 3429 expeditionem
1907 3396 1962 3410 ..
1987 3395 2034 3426 .,
2089 3345 2332 3410 accidit
2372 3350 2447 3410 ut
2490 3346 2667 3431 apud

487 3623 539 3689 1)
576 3620 789 3675 Herod.
827 3619 999 3677 VIII.
1036 3625 1085 3676 3.
1127 3626 1175 3690 7,
1212 3625 1277 3691 83
1314 3623 1495 3693 Capit.
1534 3621 1686 3677 Max.
1721 3624 1805 3676 22.
1847 3625 1892 3676 1.

481 3708 538 3775 2)
579 3707 724 3776 Vop.
762 3707 925 3761 Num.
967 3709 1197 3776 13—153
1249 3709 1318 3763 de
1368 3710 1589 3778 imperii
1638 3707 1978 3763 Diocletiani
2015 3707 2126 3762 fine
2174 3706 2349 3762 tradit
2399 3707 2663 3762 Aurelius

264 3796 490 3862 Victor,
529 3794 599 3847 de
639 3793 793 3848 Caes.
830 3796 929 3848 39:
986 3812 1257 3864 „namque
1290 3796 1699 3848 imminentium
1739 3799 2049 3863 scrutator,
2088 3795 2185 3849 ubi
2221 3794 2338 3847 fato
2373 3794 2664 3848 intestinas

266 3883 489 3950 clades,
547 3885 605 3934 et
642 3882 800 3949 quasi
833 3881 1113 3951 fragorem
1162 3882 1439 3949 quendam
1474 3881 1801 3950 impendere
1835 3881 2113 3950 comperit
2164 3884 2342 3934 status
2388 3879 2663 3948 Romani3

265 3969 556 4023 celebrato
595 3969 754 4036 regni
802 3968 1068 4021 vicesimo
1104 3985 1248 4021 anno
1281 3968 1555 4021 valentior
1598 3984 1789 4020 curam
1823 3966 1893 4021 R.
1929 3966 1994 4022 P.
2031 3967 2271 4023 abiecitf‘

477 4056 533 4121 3)
573 4054 788 4120 Omina,
828 4070 969 4122 quae
995 4052 1257 4122 Augusto
1281 4054 1669 4120 obveniebant,
1704 4053 1813 4107 hoc
1848 4055 1977 4116 loco
2014 4071 2127 4107 non
2160 4054 2493 4121 enumeravi,
2533 4070 2660 4108 cum

262 4142 336 4195 de
379 4140 675 4207 ominibus,
714 4157 855 4207 quae
891 4143 1074 4192 aetate
1110 4140 1387 4193 bellorum
1413 4140 1658 4194 civilium
1695 4142 1988 4195 observata
2022 4140 2149 4207 sint,
2185 4140 2251 4192 in'
2280 4140 2479 4208 quibus
2505 4140 2664 4209 signa

261 4227 336 4280 ad
371 4225 699 4294 Augustum
734 4227 1047 4293 spectantia
1079 4226 1337 4279 habenda
1384 4243 1504 4280 esse
1540 4226 1677 4279 mihi
1711 4226 1994 4294 videntur,
2035 4226 2144 4279 alio
2183 4226 2454 4295 opusculo
2493 4244 2660 4295 agere

258 4313 317 4366 in
348 4313 534 4365 animo
562 4311 816 4364 habeam.
890 4311 1153 4379 Quamvis
1181 4329 1447 4381 magnum
1477 4314 1763 4381 signorum
1794 4329 2087 4365 numerum
2109 4310 2337 4381 (31[69])
2358 4312 2539 4365 adhuc
2578 4314 2660 4366 in-

257 4399 545 4465 venerim,
604 4402 793 4450 tamen
831 4399 1013 4461 getiam
1055 4398 1188 4465 alia,
1243 4416 1384 4467 quae
1428 4398 1690 4467 Augusto
1741 4398 2077 4466 acciderint,
2134 4398 2460 4466 investigari
2495 4416 2660 4466 posse

259 4485 543 4539 existima

2108 4570 2142 4621 2
