<?xml version="1.0" encoding="UTF-8"?>
<!DOCTYPE html PUBLIC "-//W3C//DTD XHTML 1.0 Transitional//EN"
    "http://www.w3.org/TR/xhtml1/DTD/xhtml1-transitional.dtd">
<html xmlns="http://www.w3.org/1999/xhtml" xml:lang="en" lang="en">
 <head>
  <title>
</title>
<meta http-equiv="Content-Type" content="text/html;charset=utf-8" />
  <meta name='ocr-system' content='tesseract 3.04.00' />
  <meta name='ocr-capabilities' content='ocr_page ocr_carea ocr_par ocr_line ocrx_word'/>
</head>
<body>
  <div class='ocr_page' id='page_1' title='image "./deominibusquaea00wagngoog_0045.png"; bbox 0 0 3167 5067; ppageno 0'>
   <div class='ocr_carea' id='block_1_1' title="bbox 1231 323 1660 381">
    <p class='ocr_par' dir='ltr' id='par_1_1' title="bbox 1231 323 1660 381">
     <span class='ocr_line' id='line_1_1' title="bbox 1231 323 1660 381; baseline 0.007 -16"><span class='ocrx_word' id='word_1_1' title='bbox 1231 323 1660 381; x_wconf 73' lang='lat'><strong>—4·1-‚.</strong></span> 
     </span>
    </p>
   </div>
   <div class='ocr_carea' id='block_1_2' title="bbox 268 485 2642 1921">
    <p class='ocr_par' dir='ltr' id='par_1_2' title="bbox 268 485 2642 1921">
     <span class='ocr_line' id='line_1_2' title="bbox 555 485 2631 577; baseline -0.001 -19"><span class='ocrx_word' id='word_1_2' title='bbox 555 490 858 577; x_wconf 76' lang='grc' dir='ltr'><strong><em>μείζονάς</em></strong></span> <span class='ocrx_word' id='word_1_3' title='bbox 924 517 1105 569; x_wconf 84' lang='grc' dir='ltr'><strong><em>τινος</em></strong></span> <span class='ocrx_word' id='word_1_4' title='bbox 1161 487 1202 575; x_wconf 84' lang='grc' dir='ltr'>ἢ</span> <span class='ocrx_word' id='word_1_5' title='bbox 1249 488 1414 556; x_wconf 86' lang='grc' dir='ltr'><strong><em>κατὰ</em></strong></span> <span class='ocrx_word' id='word_1_6' title='bbox 1458 487 1830 574; x_wconf 72' lang='grc' dir='ltr'><strong><em>ἄνθρωπον</em></strong></span> <span class='ocrx_word' id='word_1_7' title='bbox 1875 490 1984 557; x_wconf 85' lang='grc' dir='ltr'><strong><em>καὶ</em></strong></span> <span class='ocrx_word' id='word_1_8' title='bbox 2032 488 2471 575; x_wconf 77' lang='grc' dir='ltr'><strong><em>ἐξαγαγόντος</em></strong></span> <span class='ocrx_word' id='word_1_9' title='bbox 2519 485 2631 556; x_wconf 88' lang='grc' dir='ltr'><strong><em>αὐ-</em></strong></span> 
     </span>
     <span class='ocr_line' id='line_1_3' title="bbox 555 601 694 670; baseline 0 0"><span class='ocrx_word' id='word_1_10' title='bbox 555 601 694 670; x_wconf 92' lang='grc' dir='ltr'><strong><em>τόν.</em></strong></span> 
     </span>
     <span class='ocr_line' id='line_1_4' title="bbox 456 713 2633 797; baseline -0.001 -17"><span class='ocrx_word' id='word_1_11' title='bbox 456 716 689 780; x_wconf 83' lang='lat' dir='ltr'>Neseio</span> <span class='ocrx_word' id='word_1_12' title='bbox 737 736 821 779; x_wconf 85' lang='lat' dir='ltr'><strong><em>an</em></strong></span> <span class='ocrx_word' id='word_1_13' title='bbox 862 716 1033 779; x_wconf 78' lang='lat' dir='ltr'>inter</span> <span class='ocrx_word' id='word_1_14' title='bbox 1061 716 1278 779; x_wconf 87' lang='lat' dir='ltr'>omina</span> <span class='ocrx_word' id='word_1_15' title='bbox 1323 714 1765 778; x_wconf 82' lang='lat' dir='ltr'>enumeranda</span> <span class='ocrx_word' id='word_1_16' title='bbox 1806 715 1936 779; x_wconf 80' lang='lat' dir='ltr'>sint</span> <span class='ocrx_word' id='word_1_17' title='bbox 1976 736 2055 778; x_wconf 88' lang='lat' dir='ltr'><strong><em>ea</em></strong></span> <span class='ocrx_word' id='word_1_18' title='bbox 2084 713 2402 797; x_wconf 84' lang='lat' dir='ltr'>prodigia,</span> <span class='ocrx_word' id='word_1_19' title='bbox 2446 735 2633 797; x_wconf 83' lang='lat' dir='ltr'>quae,</span> 
     </span>
     <span class='ocr_line' id='line_1_5' title="bbox 268 825 2630 910; baseline -0.002 -15"><span class='ocrx_word' id='word_1_20' title='bbox 268 852 399 895; x_wconf 82' lang='lat' dir='ltr'><strong><em>cum</em></strong></span> <span class='ocrx_word' id='word_1_21' title='bbox 426 828 746 892; x_wconf 79' lang='lat' dir='ltr'>Traianus</span> <span class='ocrx_word' id='word_1_22' title='bbox 780 828 1038 892; x_wconf 78' lang='lat' dir='ltr'><strong><em>Atrenis</em></strong></span> <span class='ocrx_word' id='word_1_23' title='bbox 1070 827 1312 891; x_wconf 89' lang='lat' dir='ltr'>bellum</span> <span class='ocrx_word' id='word_1_24' title='bbox 1338 827 1683 905; x_wconf 77' lang='lat' dir='ltr'><strong><em>intulisset,</em></strong></span> <span class='ocrx_word' id='word_1_25' title='bbox 1707 825 2024 891; x_wconf 78' lang='lat' dir='ltr'>accidisse</span> <span class='ocrx_word' id='word_1_26' title='bbox 2050 826 2200 906; x_wconf 75' lang='lat' dir='ltr'>Dio,‘</span> <span class='ocrx_word' id='word_1_27' title='bbox 2215 826 2329 910; x_wconf 85' lang='lat' dir='ltr'><strong><em>Ep.</em></strong></span> <span class='ocrx_word' id='word_1_28' title='bbox 2344 825 2630 891; x_wconf 90' lang='lat' dir='ltr'><strong>LXVIII.</strong></span> 
     </span>
     <span class='ocr_line' id='line_1_6' title="bbox 272 944 764 1019; baseline -0.002 -13"><span class='ocrx_word' id='word_1_29' title='bbox 272 948 360 1006; x_wconf 86' lang='lat'><strong><em>31.</em></strong></span> <span class='ocrx_word' id='word_1_30' title='bbox 404 946 461 1019; x_wconf 84' lang='lat'><strong><em>4,</em></strong></span> <span class='ocrx_word' id='word_1_31' title='bbox 505 944 764 1005; x_wconf 81' lang='lat' dir='ltr'>narrat:</span> 
     </span>
     <span class='ocr_line' id='line_1_7' title="bbox 662 1045 2634 1138; baseline -0.003 -18"><span class='ocrx_word' id='word_1_32' title='bbox 662 1053 971 1138; x_wconf 83' lang='grc' dir='ltr'><strong><em>ἐγίνοντο</em></strong></span> <span class='ocrx_word' id='word_1_33' title='bbox 1001 1053 1072 1119; x_wconf 74' lang='grc' dir='ltr'><strong><em>δὲ</em></strong></span> <span class='ocrx_word' id='word_1_34' title='bbox 1106 1055 1404 1138; x_wconf 86' lang='grc' dir='ltr'><strong><em>βρονταί,</em></strong></span> <span class='ocrx_word' id='word_1_35' title='bbox 1452 1052 1564 1119; x_wconf 82' lang='grc' dir='ltr'><strong><em>καὶ</em></strong></span> <span class='ocrx_word' id='word_1_36' title='bbox 1599 1055 1804 1136; x_wconf 79' lang='grc' dir='ltr'><em>ἴριδες</em></span> <span class='ocrx_word' id='word_1_37' title='bbox 1831 1048 2312 1136; x_wconf 78' lang='grc' dir='ltr'><strong><em>ὑπεφαίνοντο,</em></strong></span> <span class='ocrx_word' id='word_1_38' title='bbox 2349 1045 2634 1134; x_wconf 81' lang='grc' dir='ltr'><strong><em>ἀστραπ-</em></strong></span> 
     </span>
     <span class='ocr_line' id='line_1_8' title="bbox 560 1160 2637 1250; baseline -0.001 -19"><span class='ocrx_word' id='word_1_39' title='bbox 560 1167 670 1231; x_wconf 87' lang='grc' dir='ltr'><strong><em>ταί</em></strong></span> <span class='ocrx_word' id='word_1_40' title='bbox 715 1190 785 1232; x_wconf 88' lang='grc' dir='ltr'><strong><em>τε</em></strong></span> <span class='ocrx_word' id='word_1_41' title='bbox 831 1166 943 1232; x_wconf 82' lang='grc' dir='ltr'><strong><em>καὶ</em></strong></span> <span class='ocrx_word' id='word_1_42' title='bbox 990 1161 1150 1250; x_wconf 85' lang='grc' dir='ltr'><strong><em>ζάλη</em></strong></span> <span class='ocrx_word' id='word_1_43' title='bbox 1194 1162 1438 1249; x_wconf 81' lang='grc' dir='ltr'><strong><em>χάλαζά</em></strong></span> <span class='ocrx_word' id='word_1_44' title='bbox 1482 1190 1550 1231; x_wconf 87' lang='grc' dir='ltr'><strong><em>τε</em></strong></span> <span class='ocrx_word' id='word_1_45' title='bbox 1599 1164 1709 1230; x_wconf 81' lang='grc' dir='ltr'><strong><em>καὶ</em></strong></span> <span class='ocrx_word' id='word_1_46' title='bbox 1754 1164 2074 1247; x_wconf 83' lang='grc' dir='ltr'><strong><em>κεραυνοὶ</em></strong></span> <span class='ocrx_word' id='word_1_47' title='bbox 2117 1173 2257 1242; x_wconf 91' lang='grc' dir='ltr'><strong><em>τοῖς</em></strong></span> <span class='ocrx_word' id='word_1_48' title='bbox 2291 1160 2637 1247; x_wconf 83' lang='grc' dir='ltr'><strong><em>Ῥωμαίοις</em></strong></span> 
     </span>
     <span class='ocr_line' id='line_1_9' title="bbox 563 1273 1669 1363; baseline -0.003 -18"><span class='ocrx_word' id='word_1_49' title='bbox 563 1277 938 1357; x_wconf 79' lang='grc' dir='ltr'><strong><em>ἐνέπιπτον,</em></strong></span> <span class='ocrx_word' id='word_1_50' title='bbox 984 1273 1183 1345; x_wconf 82' lang='grc' dir='ltr'><strong>ὁπότε</strong></span> <span class='ocrx_word' id='word_1_51' title='bbox 1231 1275 1669 1363; x_wconf 84' lang='grc' dir='ltr'><strong><em>προςβάλοιεν</em></strong></span> 
     </span>
     <span class='ocr_line' id='line_1_10' title="bbox 664 1377 2636 1475; baseline -0.001 -19"><span class='ocrx_word' id='word_1_52' title='bbox 664 1390 775 1456; x_wconf 88' lang='grc' dir='ltr'><strong><em>καὶ</em></strong></span> <span class='ocrx_word' id='word_1_53' title='bbox 839 1386 1037 1456; x_wconf 81' lang='grc' dir='ltr'><strong>ὁπότε</strong></span> <span class='ocrx_word' id='word_1_54' title='bbox 1095 1377 1222 1455; x_wconf 82' lang='grc' dir='ltr'><strong><em>οὖν</em></strong></span> <span class='ocrx_word' id='word_1_55' title='bbox 1285 1392 1657 1469; x_wconf 82' lang='grc' dir='ltr'><strong><em>δειπνοῖεν,</em></strong></span> <span class='ocrx_word' id='word_1_56' title='bbox 1717 1397 1909 1474; x_wconf 84' lang='grc' dir='ltr'><strong><em>μυῖαι</em></strong></span> <span class='ocrx_word' id='word_1_57' title='bbox 1969 1397 2110 1468; x_wconf 89' lang='grc' dir='ltr'><strong><em>τοῖς</em></strong></span> <span class='ocrx_word' id='word_1_58' title='bbox 2167 1387 2469 1475; x_wconf 69' lang='grc' dir='ltr'><strong><em>βρᾰμασι</em></strong></span> <span class='ocrx_word' id='word_1_59' title='bbox 2505 1389 2636 1475; x_wconf 60' lang='grc' dir='ltr'><strong><em>ικαὶ</em></strong></span> 
     </span>
     <span class='ocr_line' id='line_1_11' title="bbox 564 1498 2642 1587; baseline -0.001 -18"><span class='ocrx_word' id='word_1_60' title='bbox 564 1511 704 1581; x_wconf 89' lang='grc' dir='ltr'><strong><em>τοῖς</em></strong></span> <span class='ocrx_word' id='word_1_61' title='bbox 743 1499 1008 1587; x_wconf 80' lang='grc' dir='ltr'><strong><em>πώμασι</em></strong></span> <span class='ocrx_word' id='word_1_62' title='bbox 1065 1498 1585 1585; x_wconf 81' lang='grc' dir='ltr'><strong><em>προσιζάνουσαι</em></strong></span> <span class='ocrx_word' id='word_1_63' title='bbox 1645 1504 2029 1587; x_wconf 81' lang='grc' dir='ltr'><strong><em>δυσχερείας</em></strong></span> <span class='ocrx_word' id='word_1_64' title='bbox 2076 1498 2339 1568; x_wconf 77' lang='grc' dir='ltr'><strong><em>ἅπαντα</em></strong></span> <span class='ocrx_word' id='word_1_65' title='bbox 2386 1501 2642 1587; x_wconf 78' lang='grc' dir='ltr'><strong><em>ἐνεπίμ-</em></strong></span> 
     </span>
     <span class='ocr_line' id='line_1_12' title="bbox 569 1612 2207 1681; baseline -0.001 0"><span class='ocrx_word' id='word_1_66' title='bbox 569 1621 723 1681; x_wconf 82' lang='grc' dir='ltr'><strong><em>λων.</em></strong></span> <span class='ocrx_word' id='word_1_67' title='bbox 2198 1612 2207 1620; x_wconf 76' lang='grc'><strong>’</strong></span> 
     </span>
     <span class='ocr_line' id='line_1_13' title="bbox 465 1724 2639 1803; baseline 0 -14"><span class='ocrx_word' id='word_1_68' title='bbox 465 1726 531 1789; x_wconf 80' lang='lat' dir='ltr'><strong><em>Si</em></strong></span> <span class='ocrx_word' id='word_1_69' title='bbox 572 1747 700 1789; x_wconf 89' lang='lat' dir='ltr'><strong><em>nou</em></strong></span> <span class='ocrx_word' id='word_1_70' title='bbox 739 1725 1088 1789; x_wconf 86' lang='lat' dir='ltr'>Traianum</span> <span class='ocrx_word' id='word_1_71' title='bbox 1151 1725 1334 1789; x_wconf 86' lang='lat' dir='ltr'>brevi</span> <span class='ocrx_word' id='word_1_72' title='bbox 1376 1725 1795 1803; x_wconf 80' lang='lat' dir='ltr'>moriturum,</span> <span class='ocrx_word' id='word_1_73' title='bbox 1856 1731 2076 1790; x_wconf 79' lang='lat' dir='ltr'>tamen</span> <span class='ocrx_word' id='word_1_74' title='bbox 2131 1726 2315 1790; x_wconf 90' lang='lat' dir='ltr'>illum</span> <span class='ocrx_word' id='word_1_75' title='bbox 2374 1724 2496 1789; x_wconf 85' lang='lat' dir='ltr'><strong><em>deo</em></strong></span> <span class='ocrx_word' id='word_1_76' title='bbox 2542 1725 2639 1789; x_wconf 91' lang='lat' dir='ltr'><strong><em>in·</em></strong></span> 
     </span>
     <span class='ocr_line' id='line_1_14' title="bbox 269 1836 2401 1921; baseline 0.001 -21"><span class='ocrx_word' id='word_1_77' title='bbox 269 1839 394 1902; x_wconf 82' lang='lat' dir='ltr'>vito</span> <span class='ocrx_word' id='word_1_78' title='bbox 442 1840 660 1902; x_wconf 84' lang='lat' dir='ltr'>Atram</span> <span class='ocrx_word' id='word_1_79' title='bbox 710 1857 1088 1920; x_wconf 82' lang='lat' dir='ltr'>oppugnare</span> <span class='ocrx_word' id='word_1_80' title='bbox 1135 1836 1532 1921; x_wconf 78' lang='lat' dir='ltr'><strong><em>significasse</em></strong></span> <span class='ocrx_word' id='word_1_81' title='bbox 1588 1837 1841 1902; x_wconf 79' lang='lat' dir='ltr'>eredita</span> <span class='ocrx_word' id='word_1_82' title='bbox 1883 1837 2040 1902; x_wconf 90' lang='lat' dir='ltr'>mihi</span> <span class='ocrx_word' id='word_1_83' title='bbox 2084 1837 2401 1903; x_wconf 79' lang='lat' dir='ltr'>videntur.</span> 
     </span>
    </p>
   </div>
   <div class='ocr_carea' id='block_1_3' title="bbox 1201 2122 1709 2188">
    <p class='ocr_par' dir='ltr' id='par_1_3' title="bbox 1201 2122 1709 2188">
     <span class='ocr_line' id='line_1_15' title="bbox 1201 2122 1709 2188; baseline 0.002 -2"><span class='ocrx_word' id='word_1_84' title='bbox 1201 2122 1709 2188; x_wconf 79' lang='lat' dir='ltr'><strong>Hadrianus,</strong></span> 
     </span>
    </p>
   </div>
   <div class='ocr_carea' id='block_1_4' title="bbox 272 2286 2651 4507">
    <p class='ocr_par' dir='ltr' id='par_1_4' title="bbox 272 2286 2639 2595">
     <span class='ocr_line' id='line_1_16' title="bbox 465 2286 2639 2370; baseline 0 -20"><span class='ocrx_word' id='word_1_85' title='bbox 465 2286 798 2357; x_wconf 83' lang='lat' dir='ltr'>Hadriano</span> <span class='ocrx_word' id='word_1_86' title='bbox 866 2286 1091 2351; x_wconf 82' lang='lat' dir='ltr'>oblata</span> <span class='ocrx_word' id='word_1_87' title='bbox 1148 2288 1352 2352; x_wconf 81' lang='lat' dir='ltr'>multo</span> <span class='ocrx_word' id='word_1_88' title='bbox 1396 2287 1590 2370; x_wconf 81' lang='lat' dir='ltr'>plura</span> <span class='ocrx_word' id='word_1_89' title='bbox 1652 2294 2003 2353; x_wconf 82' lang='lat' dir='ltr'>occurrunt</span> <span class='ocrx_word' id='word_1_90' title='bbox 2049 2288 2297 2367; x_wconf 80' lang='lat' dir='ltr'>omina,</span> <span class='ocrx_word' id='word_1_91' title='bbox 2366 2309 2639 2370; x_wconf 89' lang='lat' dir='ltr'>quorum</span> 
     </span>
     <span class='ocr_line' id='line_1_17' title="bbox 272 2396 1966 2482; baseline 0.002 -21"><span class='ocrx_word' id='word_1_92' title='bbox 272 2419 562 2481; x_wconf 82' lang='lat' dir='ltr'>magnam</span> <span class='ocrx_word' id='word_1_93' title='bbox 602 2405 859 2482; x_wconf 82' lang='lat' dir='ltr'>partem</span> <span class='ocrx_word' id='word_1_94' title='bbox 905 2398 1081 2481; x_wconf 86' lang='lat' dir='ltr'>apud</span> <span class='ocrx_word' id='word_1_95' title='bbox 1126 2396 1546 2482; x_wconf 70' lang='lat' dir='ltr'>Spartianum</span> <span class='ocrx_word' id='word_1_96' title='bbox 1590 2400 1966 2482; x_wconf 81' lang='lat' dir='ltr'>reperimus.</span> 
     </span>
     <span class='ocr_line' id='line_1_18' title="bbox 469 2511 1670 2595; baseline 0.002 -21"><span class='ocrx_word' id='word_1_97' title='bbox 469 2511 590 2576; x_wconf 87' lang='lat' dir='ltr'><strong><em>Dio</em></strong></span> <span class='ocrx_word' id='word_1_98' title='bbox 635 2516 865 2575; x_wconf 76' lang='lat' dir='ltr'>narrat</span> <span class='ocrx_word' id='word_1_99' title='bbox 902 2532 1101 2576; x_wconf 88' lang='lat' dir='ltr'>unum</span> <span class='ocrx_word' id='word_1_100' title='bbox 1148 2531 1335 2576; x_wconf 87' lang='lat' dir='ltr'>omen</span> <span class='ocrx_word' id='word_1_101' title='bbox 1378 2512 1670 2595; x_wconf 88' lang='lat' dir='ltr'><strong><em>imperii:</em></strong></span> 
     </span>
    </p>

    <p class='ocr_par' dir='ltr' id='par_1_5' title="bbox 568 2620 2648 3159">
     <span class='ocr_line' id='line_1_19' title="bbox 675 2620 2645 2711; baseline 0.002 -25"><span class='ocrx_word' id='word_1_102' title='bbox 675 2623 840 2706; x_wconf 81' lang='lat' dir='ltr'><strong><em>Epit.</em></strong></span> <span class='ocrx_word' id='word_1_103' title='bbox 889 2623 1113 2687; x_wconf 88' lang='lat' dir='ltr'>LXIX.</span> <span class='ocrx_word' id='word_1_104' title='bbox 1161 2628 1217 2687; x_wconf 91' lang='lat'><strong><em>2.</em></strong></span> <span class='ocrx_word' id='word_1_105' title='bbox 1267 2629 1321 2687; x_wconf 92' lang='lat'><strong><em>1.</em></strong></span> <span class='ocrx_word' id='word_1_106' title='bbox 1410 2622 1625 2691; x_wconf 87' lang='grc' dir='ltr'><strong><em>ἐδόκει</em></strong></span> <span class='ocrx_word' id='word_1_107' title='bbox 1689 2626 1761 2692; x_wconf 80' lang='grc' dir='ltr'><strong><em>δὲ</em></strong></span> <span class='ocrx_word' id='word_1_108' title='bbox 1817 2620 1981 2708; x_wconf 75' lang='grc' dir='ltr'><strong><em>ὄναρ</em></strong></span> <span class='ocrx_word' id='word_1_109' title='bbox 2042 2622 2172 2709; x_wconf 89' lang='grc' dir='ltr'><strong><em>πρὸ</em></strong></span> <span class='ocrx_word' id='word_1_110' title='bbox 2235 2632 2352 2711; x_wconf 80' lang='grc' dir='ltr'><strong><em>τῆς</em></strong></span> <span class='ocrx_word' id='word_1_111' title='bbox 2395 2622 2645 2709; x_wconf 82' lang='grc' dir='ltr'><strong><em>ἡμέρας</em></strong></span> 
     </span>
     <span class='ocr_line' id='line_1_20' title="bbox 570 2731 2644 2822; baseline 0.001 -21"><span class='ocrx_word' id='word_1_112' title='bbox 570 2735 824 2822; x_wconf 79' lang='grc' dir='ltr'><strong><em>ἐκείνης</em></strong></span> <span class='ocrx_word' id='word_1_113' title='bbox 869 2732 1007 2818; x_wconf 81' lang='grc' dir='ltr'><strong><em>(ὅτε</em></strong></span> <span class='ocrx_word' id='word_1_114' title='bbox 1052 2731 1485 2822; x_wconf 78' lang='grc' dir='ltr'><strong><em>ἀνηγορεύθη</em></strong></span> <span class='ocrx_word' id='word_1_115' title='bbox 1532 2732 1995 2821; x_wconf 74' lang='grc' dir='ltr'><strong><em>αὐτοκράτωρ)</em></strong></span> <span class='ocrx_word' id='word_1_116' title='bbox 2058 2745 2192 2820; x_wconf 87' lang='grc' dir='ltr'><strong><em>πῦρ</em></strong></span> <span class='ocrx_word' id='word_1_117' title='bbox 2240 2737 2312 2804; x_wconf 83' lang='grc' dir='ltr'><strong><em>ἐκ</em></strong></span> <span class='ocrx_word' id='word_1_118' title='bbox 2356 2744 2482 2803; x_wconf 87' lang='grc' dir='ltr'><strong><em>τοῦ</em></strong></span> <span class='ocrx_word' id='word_1_119' title='bbox 2535 2732 2644 2803; x_wconf 82' lang='grc' dir='ltr'><strong><em>οὐ-</em></strong></span> 
     </span>
     <span class='ocr_line' id='line_1_21' title="bbox 571 2838 2642 2939; baseline 0 -26"><span class='ocrx_word' id='word_1_120' title='bbox 571 2838 820 2932; x_wconf 87' lang='grc' dir='ltr'><strong><em>ρανοῦ,</em></strong></span> <span class='ocrx_word' id='word_1_121' title='bbox 882 2847 955 2914; x_wconf 79' lang='grc' dir='ltr'><strong><em>ἔν</em></strong></span> <span class='ocrx_word' id='word_1_122' title='bbox 1003 2873 1072 2914; x_wconf 89' lang='grc' dir='ltr'><strong><em>τε</em></strong></span> <span class='ocrx_word' id='word_1_123' title='bbox 1120 2850 1356 2938; x_wconf 78' lang='grc' dir='ltr'><strong><em>αἰθρίᾳ</em></strong></span> <span class='ocrx_word' id='word_1_124' title='bbox 1398 2850 1510 2916; x_wconf 82' lang='grc' dir='ltr'><strong><em>καὶ</em></strong></span> <span class='ocrx_word' id='word_1_125' title='bbox 1554 2847 1630 2915; x_wconf 80' lang='grc' dir='ltr'><strong><em>ἐν</em></strong></span> <span class='ocrx_word' id='word_1_126' title='bbox 1674 2845 1864 2939; x_wconf 79' lang='grc' dir='ltr'><strong><em>εὐδίᾳ</em></strong></span> <span class='ocrx_word' id='word_1_127' title='bbox 1909 2854 2157 2937; x_wconf 84' lang='grc' dir='ltr'><strong><em>πολλῇ,</em></strong></span> <span class='ocrx_word' id='word_1_128' title='bbox 2218 2849 2282 2928; x_wconf 85' lang='grc' dir='ltr'><strong><em>ἐς</em></strong></span> <span class='ocrx_word' id='word_1_129' title='bbox 2328 2846 2455 2935; x_wconf 84' lang='grc' dir='ltr'><strong><em>τὴν</em></strong></span> <span class='ocrx_word' id='word_1_130' title='bbox 2505 2844 2642 2933; x_wconf 85' lang='grc' dir='ltr'><strong><em>ἀρι-</em></strong></span> 
     </span>
     <span class='ocr_line' id='line_1_22' title="bbox 570 2955 2648 3047; baseline 0.001 -22"><span class='ocrx_word' id='word_1_131' title='bbox 570 2963 812 3045; x_wconf 84' lang='grc' dir='ltr'><strong><em>στερὰν</em></strong></span> <span class='ocrx_word' id='word_1_132' title='bbox 879 2955 1094 3026; x_wconf 81' lang='grc' dir='ltr'><strong><em>αὐτοῦ</em></strong></span> <span class='ocrx_word' id='word_1_133' title='bbox 1154 2958 1426 3046; x_wconf 82' lang='grc' dir='ltr'><strong><em>σφαγὴν</em></strong></span> <span class='ocrx_word' id='word_1_134' title='bbox 1486 2961 1828 3046; x_wconf 78' lang='grc' dir='ltr'><strong><em>ἐμπεσεῖν,</em></strong></span> <span class='ocrx_word' id='word_1_135' title='bbox 1900 2961 2125 3028; x_wconf 77' lang='grc' dir='ltr'><strong><em>ἔπειτα</em></strong></span> <span class='ocrx_word' id='word_1_136' title='bbox 2189 2962 2299 3028; x_wconf 86' lang='grc' dir='ltr'><strong><em>καὶ</em></strong></span> <span class='ocrx_word' id='word_1_137' title='bbox 2358 2961 2465 3028; x_wconf 82' lang='grc' dir='ltr'><strong><em>ἐπὶ</em></strong></span> <span class='ocrx_word' id='word_1_138' title='bbox 2521 2957 2648 3047; x_wconf 78' lang='grc' dir='ltr'><strong><em>τὴν</em></strong></span> 
     </span>
     <span class='ocr_line' id='line_1_23' title="bbox 568 3069 2640 3159; baseline 0.001 -22"><span class='ocrx_word' id='word_1_139' title='bbox 568 3069 792 3151; x_wconf 82' lang='grc' dir='ltr'><strong><em>δεξιὰν</em></strong></span> <span class='ocrx_word' id='word_1_140' title='bbox 830 3078 1213 3156; x_wconf 83' lang='grc' dir='ltr'><strong><em>παρελθεῖν,</em></strong></span> <span class='ocrx_word' id='word_1_141' title='bbox 1258 3071 1421 3158; x_wconf 84' lang='grc' dir='ltr'><strong><em>μήτε</em></strong></span> <span class='ocrx_word' id='word_1_142' title='bbox 1468 3073 1859 3159; x_wconf 83' lang='grc' dir='ltr'><strong><em>ἐκφοβῆσαν</em></strong></span> <span class='ocrx_word' id='word_1_143' title='bbox 1905 3069 2116 3140; x_wconf 82' lang='grc' dir='ltr'><strong><em>αὐτὸν</em></strong></span> <span class='ocrx_word' id='word_1_144' title='bbox 2158 3071 2320 3158; x_wconf 84' lang='grc' dir='ltr'><strong><em>μήτε</em></strong></span> <span class='ocrx_word' id='word_1_145' title='bbox 2355 3070 2640 3159; x_wconf 80' lang='grc' dir='ltr'><strong><em>βλάψαν.</em></strong></span> 
     </span>
    </p>

    <p class='ocr_par' dir='ltr' id='par_1_6' title="bbox 277 3182 2646 3472">
     <span class='ocr_line' id='line_1_24' title="bbox 468 3182 2646 3268; baseline 0 -21"><span class='ocrx_word' id='word_1_146' title='bbox 468 3182 646 3247; x_wconf 83' lang='lat' dir='ltr'>Idem</span> <span class='ocrx_word' id='word_1_147' title='bbox 690 3183 1062 3262; x_wconf 78' lang='lat' dir='ltr'>victoriam,</span> <span class='ocrx_word' id='word_1_148' title='bbox 1125 3204 1322 3267; x_wconf 86' lang='lat' dir='ltr'>quam</span> <span class='ocrx_word' id='word_1_149' title='bbox 1381 3183 1461 3249; x_wconf 88' lang='lat' dir='ltr'><strong><em>de</em></strong></span> <span class='ocrx_word' id='word_1_150' title='bbox 1505 3184 1767 3250; x_wconf 84' lang='lat' dir='ltr'>Iudaeis</span> <span class='ocrx_word' id='word_1_151' title='bbox 1815 3184 2143 3249; x_wconf 78' lang='lat' dir='ltr'>seditiosis</span> <span class='ocrx_word' id='word_1_152' title='bbox 2189 3189 2646 3268; x_wconf 77' lang='lat' dir='ltr'>reportaturus</span> 
     </span>
     <span class='ocr_line' id='line_1_25' title="bbox 277 3296 2645 3380; baseline 0.003 -25"><span class='ocrx_word' id='word_1_153' title='bbox 277 3299 463 3373; x_wconf 78' lang='lat' dir='ltr'>esset,</span> <span class='ocrx_word' id='word_1_154' title='bbox 523 3316 876 3378; x_wconf 90' lang='lat' dir='ltr'>eorumque</span> <span class='ocrx_word' id='word_1_155' title='bbox 920 3296 1255 3361; x_wconf 79' lang='lat' dir='ltr'><strong><em>interitum</em></strong></span> <span class='ocrx_word' id='word_1_156' title='bbox 1315 3297 1631 3380; x_wconf 84' lang='lat' dir='ltr'>prodigiis</span> <span class='ocrx_word' id='word_1_157' title='bbox 1661 3296 2133 3363; x_wconf 77' lang='lat' dir='ltr'>denuntiatum</span> <span class='ocrx_word' id='word_1_158' title='bbox 2179 3318 2322 3362; x_wconf 80' lang='lat' dir='ltr'>esse</span> <span class='ocrx_word' id='word_1_159' title='bbox 2369 3317 2645 3362; x_wconf 86' lang='lat' dir='ltr'>comme-</span> 
     </span>
     <span class='ocr_line' id='line_1_26' title="bbox 278 3412 511 3472; baseline 0.03 -6"><span class='ocrx_word' id='word_1_160' title='bbox 278 3412 511 3472; x_wconf 82' lang='lat' dir='ltr'>morat:</span> 
     </span>
    </p>

    <p class='ocr_par' dir='ltr' id='par_1_7' title="bbox 574 3519 2650 3831">
     <span class='ocr_line' id='line_1_27' title="bbox 674 3519 2649 3610; baseline 0.004 -28"><span class='ocrx_word' id='word_1_161' title='bbox 674 3520 797 3584; x_wconf 83' lang='lat' dir='ltr'><strong><em>Dio</em></strong></span> <span class='ocrx_word' id='word_1_162' title='bbox 841 3519 1069 3584; x_wconf 85' lang='lat' dir='ltr'>LXIX.</span> <span class='ocrx_word' id='word_1_163' title='bbox 1111 3525 1208 3586; x_wconf 90' lang='lat'><strong><em>14.</em></strong></span> <span class='ocrx_word' id='word_1_164' title='bbox 1250 3527 1306 3587; x_wconf 89' lang='lat'><strong><em>2.</em></strong></span> <span class='ocrx_word' id='word_1_165' title='bbox 1352 3520 1428 3589; x_wconf 89' lang='grc' dir='ltr'><strong><em>τὸ</em></strong></span> <span class='ocrx_word' id='word_1_166' title='bbox 1473 3521 1601 3609; x_wconf 83' lang='grc' dir='ltr'><strong><em>γὰρ</em></strong></span> <span class='ocrx_word' id='word_1_167' title='bbox 1647 3530 1975 3610; x_wconf 87' lang='grc' dir='ltr'><strong><em>μνημεῖον</em></strong></span> <span class='ocrx_word' id='word_1_168' title='bbox 2015 3531 2141 3590; x_wconf 85' lang='grc' dir='ltr'><strong><em>τοῦ</em></strong></span> <span class='ocrx_word' id='word_1_169' title='bbox 2185 3524 2649 3609; x_wconf 78' lang='grc' dir='ltr'><strong><em>Σολομῶντος,</em></strong></span> 
     </span>
     <span class='ocr_line' id='line_1_28' title="bbox 574 3625 2650 3722; baseline 0 -22"><span class='ocrx_word' id='word_1_170' title='bbox 574 3628 657 3700; x_wconf 83' lang='grc' dir='ltr'><strong><em>ὃν</em></strong></span> <span class='ocrx_word' id='word_1_171' title='bbox 708 3634 780 3700; x_wconf 79' lang='grc' dir='ltr'><strong><em>ἐν</em></strong></span> <span class='ocrx_word' id='word_1_172' title='bbox 824 3642 965 3712; x_wconf 89' lang='grc' dir='ltr'><strong><em>τοῖς</em></strong></span> <span class='ocrx_word' id='word_1_173' title='bbox 1016 3638 1394 3720; x_wconf 85' lang='grc' dir='ltr'><strong><em>σεβασμίοις</em></strong></span> <span class='ocrx_word' id='word_1_174' title='bbox 1441 3625 1633 3702; x_wconf 82' lang='grc' dir='ltr'><strong><em>οὗτοι</em></strong></span> <span class='ocrx_word' id='word_1_175' title='bbox 1678 3632 1995 3722; x_wconf 77' lang='grc' dir='ltr'><strong><em>ἄγουσιν,</em></strong></span> <span class='ocrx_word' id='word_1_176' title='bbox 2046 3632 2178 3701; x_wconf 84' lang='grc' dir='ltr'><strong><em>ἀπὸ</em></strong></span> <span class='ocrx_word' id='word_1_177' title='bbox 2223 3630 2650 3720; x_wconf 83' lang='grc' dir='ltr'><strong><em>ταύτομάτου</em></strong></span> 
     </span>
     <span class='ocr_line' id='line_1_29' title="bbox 574 3744 1485 3831; baseline 0.001 -19"><span class='ocrx_word' id='word_1_178' title='bbox 574 3744 854 3831; x_wconf 84' lang='grc' dir='ltr'><strong><em>διελύθη</em></strong></span> <span class='ocrx_word' id='word_1_179' title='bbox 898 3772 967 3813; x_wconf 88' lang='grc' dir='ltr'><strong><em>τε</em></strong></span> <span class='ocrx_word' id='word_1_180' title='bbox 1012 3747 1124 3813; x_wconf 85' lang='grc' dir='ltr'><strong><em>καὶ</em></strong></span> <span class='ocrx_word' id='word_1_181' title='bbox 1166 3747 1485 3815; x_wconf 84' lang='grc' dir='ltr'><strong><em>συνέπεσε</em></strong></span> 
     </span>
    </p>

    <p class='ocr_par' dir='ltr' id='par_1_8' title="bbox 574 3853 2651 4056">
     <span class='ocr_line' id='line_1_30' title="bbox 676 3853 2651 3938; baseline 0.001 -14"><span class='ocrx_word' id='word_1_182' title='bbox 676 3859 787 3924; x_wconf 82' lang='grc' dir='ltr'><strong><em>καὶ</em></strong></span> <span class='ocrx_word' id='word_1_183' title='bbox 844 3855 1037 3926; x_wconf 80' lang='grc' dir='ltr'><strong><em>λύκοι</em></strong></span> <span class='ocrx_word' id='word_1_184' title='bbox 1100 3854 1329 3925; x_wconf 77' lang='grc' dir='ltr'><strong><em>ὕαιναί</em></strong></span> <span class='ocrx_word' id='word_1_185' title='bbox 1401 3884 1471 3925; x_wconf 90' lang='grc' dir='ltr'><strong><em>τε</em></strong></span> <span class='ocrx_word' id='word_1_186' title='bbox 1532 3860 1771 3927; x_wconf 87' lang='grc' dir='ltr'><strong><em>πολλαὶ</em></strong></span> <span class='ocrx_word' id='word_1_187' title='bbox 1836 3859 1899 3937; x_wconf 82' lang='grc' dir='ltr'><strong><em>ἐς</em></strong></span> <span class='ocrx_word' id='word_1_188' title='bbox 1971 3858 2087 3937; x_wconf 86' lang='grc' dir='ltr'><strong><em>τὰς</em></strong></span> <span class='ocrx_word' id='word_1_189' title='bbox 2142 3856 2363 3938; x_wconf 87' lang='grc' dir='ltr'><strong><em>πόλεις</em></strong></span> <span class='ocrx_word' id='word_1_190' title='bbox 2422 3853 2651 3926; x_wconf 80' lang='grc' dir='ltr'><strong><em>αὐτῶν</em></strong></span> 
     </span>
     <span class='ocr_line' id='line_1_31' title="bbox 574 3966 1976 4056; baseline -0.001 -21"><span class='ocrx_word' id='word_1_191' title='bbox 574 3969 928 4056; x_wconf 83' lang='grc' dir='ltr'><strong><em>ἐσέπιπτον</em></strong></span> <span class='ocrx_word' id='word_1_192' title='bbox 981 3966 1355 4056; x_wconf 82' lang='grc' dir='ltr'><strong><em>ὠρυόμεναι</em></strong></span> <span class='ocrx_word' id='word_1_193' title='bbox 1400 3971 1577 4053; x_wconf 88' lang='lat' dir='ltr'><strong>(Zon.</strong></span> <span class='ocrx_word' id='word_1_194' title='bbox 1627 3971 1735 4035; x_wconf 88' lang='lat' dir='ltr'><strong><em>XI.</em></strong></span> <span class='ocrx_word' id='word_1_195' title='bbox 1785 3975 1841 4034; x_wconf 88' lang='lat'><strong><em>2.</em></strong></span> <span class='ocrx_word' id='word_1_196' title='bbox 1891 3972 1976 4055; x_wconf 86' lang='lat'><strong><em>3).</em></strong></span> 
     </span>
    </p>

    <p class='ocr_par' dir='ltr' id='par_1_9' title="bbox 278 4080 2648 4270">
     <span class='ocr_line' id='line_1_32' title="bbox 468 4080 2648 4167; baseline 0.001 -24"><span class='ocrx_word' id='word_1_197' title='bbox 468 4080 791 4161; x_wconf 80' lang='lat' dir='ltr'>Plurima,</span> <span class='ocrx_word' id='word_1_198' title='bbox 853 4087 928 4147; x_wconf 79' lang='lat' dir='ltr'><strong><em>ut</em></strong></span> <span class='ocrx_word' id='word_1_199' title='bbox 972 4083 1104 4146; x_wconf 85' lang='lat' dir='ltr'><strong><em>iam</em></strong></span> <span class='ocrx_word' id='word_1_200' title='bbox 1151 4104 1352 4165; x_wconf 79' lang='lat' dir='ltr'>supra</span> <span class='ocrx_word' id='word_1_201' title='bbox 1398 4082 1697 4161; x_wconf 78' lang='lat' dir='ltr'>diximUS‚</span> <span class='ocrx_word' id='word_1_202' title='bbox 1744 4083 1960 4147; x_wconf 85' lang='lat' dir='ltr'>omina</span> <span class='ocrx_word' id='word_1_203' title='bbox 2004 4083 2180 4167; x_wconf 87' lang='lat' dir='ltr'>apud</span> <span class='ocrx_word' id='word_1_204' title='bbox 2227 4083 2648 4166; x_wconf 76' lang='lat' dir='ltr'>Spartianum</span> 
     </span>
     <span class='ocr_line' id='line_1_33' title="bbox 278 4184 555 4270; baseline 0 -15"><span class='ocrx_word' id='word_1_205' title='bbox 278 4184 555 4270; x_wconf 77' lang='lat' dir='ltr'><strong><em>legimus,</em></strong></span> 
     </span>
    </p>

    <p class='ocr_par' dir='ltr' id='par_1_10' title="bbox 575 4305 2649 4507">
     <span class='ocr_line' id='line_1_34' title="bbox 675 4305 2649 4389; baseline 0.002 -20"><span class='ocrx_word' id='word_1_206' title='bbox 675 4306 890 4389; x_wconf 79' lang='lat' dir='ltr'>Spart.</span> <span class='ocrx_word' id='word_1_207' title='bbox 939 4306 1139 4371; x_wconf 85' lang='lat' dir='ltr'>Hadr.</span> <span class='ocrx_word' id='word_1_208' title='bbox 1184 4311 1241 4370; x_wconf 87' lang='grc'><strong><em>2.</em></strong></span> <span class='ocrx_word' id='word_1_209' title='bbox 1290 4313 1346 4371; x_wconf 88' lang='grc'><strong><em>4.</em></strong></span> <span class='ocrx_word' id='word_1_210' title='bbox 1439 4306 1570 4386; x_wconf 85' lang='lat' dir='ltr'>„ibi</span> <span class='ocrx_word' id='word_1_211' title='bbox 1631 4326 1671 4369; x_wconf 85' lang='lat' dir='ltr'><strong>a</strong></span> <span class='ocrx_word' id='word_1_212' title='bbox 1725 4305 2189 4371; x_wconf 75' lang='lat' dir='ltr'>mathematico</span> <span class='ocrx_word' id='word_1_213' title='bbox 2236 4306 2518 4389; x_wconf 85' lang='lat' dir='ltr'>quodam</span> <span class='ocrx_word' id='word_1_214' title='bbox 2569 4307 2649 4372; x_wconf 86' lang='lat' dir='ltr'><strong><em>de</em></strong></span> 
     </span>
     <span class='ocr_line' id='line_1_35' title="bbox 575 4415 2648 4507; baseline 0.003 -25"><span class='ocrx_word' id='word_1_215' title='bbox 575 4415 795 4484; x_wconf 83' lang='lat' dir='ltr'>futuro</span> <span class='ocrx_word' id='word_1_216' title='bbox 854 4418 1126 4506; x_wconf 86' lang='lat' dir='ltr'><strong><em>imperio</em></strong></span> <span class='ocrx_word' id='word_1_217' title='bbox 1186 4418 1255 4484; x_wconf 90' lang='lat' dir='ltr'><strong><em>id</em></strong></span> <span class='ocrx_word' id='word_1_218' title='bbox 1315 4418 1554 4486; x_wconf 79' lang='lat' dir='ltr'><strong><em>dicitur</em></strong></span> <span class='ocrx_word' id='word_1_219' title='bbox 1614 4418 2006 4503; x_wconf 81' lang='lat' dir='ltr'>comperisse</span> <span class='ocrx_word' id='word_1_220' title='bbox 2069 4419 2244 4502; x_wconf 85' lang='lat' dir='ltr'>quod</span> <span class='ocrx_word' id='word_1_221' title='bbox 2310 4440 2351 4484; x_wconf 85' lang='lat' dir='ltr'>a</span> <span class='ocrx_word' id='word_1_222' title='bbox 2409 4424 2648 4507; x_wconf 77' lang='lat' dir='ltr'>patruo</span> 
     </span>
    </p>
   </div>
  </div>
 </body>
</html>
