3167 5067
1260 349 1697 408 ...73-

595 537 769 580 mum
815 539 855 580 a
898 516 1311 600 philosophia
1356 521 1555 599 atque
1602 515 1851 579 musica
1889 514 1973 579 ad
2016 514 2179 578 alias
2225 519 2400 579 artes
2444 510 2666 577 tradu-

597 635 791 708 ceret,
837 627 1103 712 Vergilii
1147 628 1433 694 sortibus
1476 625 1849 692 huiusmodi
1890 626 2279 691 inlustratus
2325 630 2456 690 est:

699 739 919 825 [Verg.
965 742 1120 805 Aen.
1169 738 1271 805 VI.
1317 735 1492 824 848]
1580 735 1922 804 Excudent
1971 735 2086 803 alii
2142 735 2464 822 spirantia
2508 730 2668 801 mol-

800 849 926 917 lius
971 872 1147 932 aera,

702 960 898 1030 credo
948 961 1267 1049 equidem,
1314 965 1487 1030 viros
1530 957 1771 1030 ducent
1814 964 1894 1029 de
1935 979 2259 1029 marmore
2304 953 2537 1042 vultus,

699 1071 983 1143 orabunt
1025 1099 1258 1143 causas
1301 1077 1531 1143 melius
1578 1078 1872 1160 caelique
1916 1081 2170 1141 meatus

701 1189 1075 1255 describent
1116 1188 1303 1254 radio
1349 1194 1416 1254 et
1457 1191 1794 1274 surgentia
1838 1188 2055 1254 sidera
2100 1188 2351 1253 dicent:

701 1307 773 1367 tu
826 1323 1056 1386 regere
1099 1303 1373 1386 imperio
1416 1302 1714 1387 populos,
1758 1302 2067 1382 Romane,
2114 1304 2455 1365 memento.

700 1414 824 1479 hae
874 1413 1000 1480 tibi
1038 1421 1230 1480 erunt
1272 1420 1448 1480 artes
1487 1416 1767 1499 pacique
1809 1415 2121 1498 inponere
2164 1433 2429 1489 morem,

699 1548 972 1610 parcere
1015 1526 1325 1592 subiectis
1370 1533 1438 1592 et
1482 1527 1814 1593 debellare
1865 1525 2222 1610 superbosfi‘

494 1639 848 1703 Praeterea
887 1638 1318 1722 LampridiuS,
1366 1641 1478 1724 qui
1523 1640 1721 1705 etiam
1767 1639 1897 1704 alia
1944 1638 2151 1704 multa
2197 1638 2384 1720 signa
2427 1637 2665 1721 princi-

277 1756 482 1835 patus
527 1750 727 1815 fuisse
771 1750 1094 1831 affirmat,
1152 1752 1317 1816 haec
1376 1752 1443 1816 in
1504 1752 1709 1818 futuri
1757 1751 2014 1836 imperii
2059 1750 2260 1835 signis
2309 1749 2662 1815 collocasse

275 1863 574 1928 videtur:

698 1973 787 2039 ib.
838 1979 933 2040 14.
984 1982 1040 2040 6.
1131 1977 1405 2056 „nimius
1434 1977 1633 2042 ardor
1661 1977 1996 2043 oculorum
2042 1981 2110 2041 et
2141 1976 2385 2041 diutius
2415 1974 2670 2039 intuen-

598 2085 777 2151 tibus
824 2087 1078 2170 gravis“

701 2199 1054 2280 „divinatio
1096 2201 1333 2266 'mentis
1377 2201 1947 2286 frequentissima“

702 2333 960 2392 „rerum
1003 2315 1318 2378 memoria
1361 2314 1747 2397 singularisi‘
2307 2383 2308 2388 γ

432 2451 438 2456 ·
495 2424 729 2489 Nescio
798 2445 909 2488 an·
952 2425 1124 2489 inter
1183 2428 1398 2491 omina
1466 2427 1724 2511 imperii
1784 2427 2294 2493 enumerandum
2362 2427 2448 2491 sit
2509 2424 2670 2490 illud

280 2558 498 2615 omen,
545 2536 721 2619 quod
764 2537 1196 2621 LampridiuS,
1242 2538 1328 2604 ib.
1377 2545 1434 2602 4.
1484 2545 1542 2619 6,
1594 2537 1831 2605 tradit:

702 2648 893 2727 „huic
937 2669 1077 2714 sors
1121 2651 1188 2713 in
1230 2651 1475 2734 templo
1524 2651 1988 2717 Praenestinae
2032 2651 2200 2716 talis.
2226 2651 2479 2730 extitit,
2525 2672 2670 2715 cum

598 2760 693 2824 illi
737 2760 1205 2844 Heliogabalus
1247 2762 1670 2828 insidiaretur
1687 2781 1708 2828 z·

575 2883 589 2894 ‘
701 2872 919 2957 [Verg.
966 2875 1122 2943 Aen.
1168 2873 1271 2940 VI.
1313 2876 1488 2961 882]
1600 2875 1709 2956 „Si
1744 2897 1875 2960 qua
1920 2875 2061 2940 fata
2106 2897 2342 2961 aspera
2386 2896 2673 2960 rumpaS‚

699 2989 773 3050 tu
820 2985 1169 3052 Marcellus
1214 2986 1380 3052 erisff‘

495 3095 673 3161 Mors
715 3118 975 3180 quoque
1022 3099 1160 3163 eius
1202 3099 1424 3164 multis
1466 3100 1786 3184 prodigiis
1828 3099 2440 3183 praenuntiabatur.

493 3208 962 3291 Imperatorem
1005 3232 1133 3275 non
1190 3210 1302 3275 diu
1345 3211 1639 3277 futurum
1697 3232 1837 3276 esse
1888 3211 2334 3277 Alexandrum
2391 3233 2511 3277 ovo
2555 3212 2667 3277 illo

277 3340 618 3405 purpureo
656 3321 910 3386 ostendi
937 3322 1322 3406 haruspices
1348 3324 1818 3407 praedixerant
1865 3325 1994 3409 (13.
2027 3329 2052 3387 1
2081 3347 2097 3405 ;
2145 3324 2223 3390 cf.
2248 3346 2309 3408 p.
2353 3330 2426 3388 71
2453 3328 2520 3388 et
2543 3326 2669 3409 72).

494 3430 641 3496 Alia
681 3434 898 3497 omina
940 3435 1169 3500 mortis
1214 3434 1398 3500 fuere
1442 3436 1641 3501 haec:

698 3545 784 3609 ib.
831 3552 930 3610 60.
979 3553 1035 3611 3.
1126 3569 1311 3628 „cum
1355 3547 1643 3613 natalem
1688 3548 1860 3614 diem
1908 3549 2409 3628 commendaret,
2453 3549 2671 3614 hostia

599 3662 870 3720 cruenta
916 3657 1146 3742 effugit
1189 3667 1272 3739 et,
1321 3664 1396 3724 ut
1440 3682 1510 3726 se
1557 3662 1835 3727 civiliter
1881 3661 2151 3746 gerebat
2195 3682 2274 3725 ac
2311 3660 2671 3744 permixtus

595 3767 837 3851 populo
882 3775 1058 3850 erat,
1105 3771 1324 3836 albam
1372 3772 1511 3837 eius
1558 3779 1839 3853 vestem,
1899 3796 2046 3839 cum
2091 3794 2224 3856 qua
2271 3771 2673 3852 constiterat,

597 3881 1002 3945 cruentavit“

696 3993 782 4059 ib.
834 4000 932 4059 60.
979 4001 1037 4059 4.
1128 3995 1392 4075 „laurus
1447 3999 1514 4060 in
1575 3997 1831 4063 Palatio
1898 3997 2036 4062 eius
2097 3996 2379 4063 civitatis
2440 4018 2480 4061 a
2542 4019 2674 4080 qua

594 4105 1136 4188 proficiscebatur
1182 4108 1268 4174 ad
1289 4107 1550 4187 bellum,
1589 4110 1816 4192 ingens
1862 4114 1928 4174 et
1960 4110 2232 4193 antiqua
2276 4114 2420 4174 tota
2453 4108 2672 4175 subito

596 4217 876 4282 decidit“

695 4331 780 4394 ib.
830 4334 927 4395 60.
977 4340 1033 4397 5.
1127 4333 1436 4413 „arbores
1478 4332 1586 4397 fici
1632 4339 1799 4414 tres,
1846 4356 2024 4418 quae,
2060 4334 2224 4400 ficus
2270 4356 2382 4400 eas
2426 4335 2674 4400 ferrent

594 4441 828 4525 quibus
873 4443 1511 4510 Alexandrianarum
1556 4467 1792 4511 nomen
1836 4451 1968 4527 est,
2022 4446 2239 4513 subito
2286 4452 2437 4513 ante
2495 4447 2672 4515 illius
