3167 5067
555 530 623 596 in
682 529 819 595 dies
876 530 1085 615 magis
1146 533 1557 597 excruciatus
1609 534 1817 616 egerit
1876 538 1942 597 et
2001 533 2383 612 confecerit,
2445 555 2487 597 a
2543 534 2874 597 Suetonio
2906 532 2966 616 l)

555 640 744 707 nobis
787 641 1034 708 tradita
1076 648 1244 708 sunt.

763 757 1089 834 Quantum
1131 755 1260 820 illis
1304 754 1709 839 temporibus
1767 758 2051 822 ominum
2104 757 2346 822 fiducia
2386 756 2665 821 valuerit
2702 754 2788 821 ad
2840 778 2964 820 re-

556 888 702 932 rum
746 868 1201 947 mutationem,
1261 869 1479 933 nescio
1539 890 1622 933 an
1647 869 1847 934 ·nulla
1888 890 1962 934 re
2008 869 2246 933 clarius
2292 889 2683 952 cognoscere
2726 868 2965 951 possi-

556 1001 700 1044 mus
717 1030 732 1059 ,
800 1000 995 1062 quam
1050 979 1106 1043 si
1149 979 1445 1062 Septimii
1491 980 1713 1045 Severi
1758 980 1986 1045 domus
2027 980 2355 1045 fortunam
2401 980 2964 1063 contemplemur.

556 1089 633 1155 Id
707 1091 876 1156 enim
952 1090 1398 1156 demonstrare
1484 1092 1867 1157 conabimur
1932 1093 2274 1175 imperium
2348 1092 2645 1175 Septimii
2712 1091 2967 1156 Severi

557 1204 824 1285 eiusque
867 1202 1149 1267 filiorum
1194 1204 1474 1270 maxime
1535 1205 1819 1268 ominum
1879 1204 1942 1267 vi
1987 1208 2185 1286 atque
2232 1204 2626 1268 auctoritate
2647 1254 2662 1283 ,
2720 1208 2794 1267 ut
2846 1204 2968 1267 ita

554 1314 863 1393 dicamuS,
907 1318 974 1378 et
1018 1320 1309 1379 creatum
1354 1320 1420 1379 et
1461 1314 1745 1381 deletum
1790 1337 1948 1380 esse.

763 1425 864 1490 Ex
909 1426 1267 1492 Herodiani
1310 1432 1377 1492 et
1419 1427 1646 1491 Dionis
1704 1427 1921 1492 verbis
1988 1427 2201 1492 elucet
2262 1419 2589 1491 Severum
2629 1426 2809 1491 nulla
2877 1448 2965 1490 re

559 1537 644 1603 ad
698 1539 1136 1622 principatum
1201 1539 1642 1622 arripiendum
1705 1544 2048 1622 tantopere
2113 1539 2455 1602 incitatum
2502 1559 2676 1617 esse,
2738 1558 2960 1620 quam

562 1650 957 1714 somniorum
1035 1656 1232 1733 atque
1321 1651 1733 1715 oraculorum
1804 1650 2393 1715 vaticinationibus.
2502 1647 2961 1728 HerodianuS,

557 1766 907 1844 postquam
950 1763 1244 1826 narravit
1284 1764 1351 1826 in
1397 1767 1615 1827 castra
1656 1761 1893 1841 Severi,
1940 1761 2051 1845 qui
2093 1766 2250 1825 tunc
2287 1758 2653 1843 legionibus
2679 1760 2960 1825 Panno-

559 1872 762 1937 niacis
805 1872 1121 1956 praefuit,
1174 1855 1476 1938 ‘nuntium
1517 1873 1788 1938 allatum
1836 1894 1977 1938 esse
2022 1873 2343 1937 Iulianum
2370 1872 2616 1936 Romae
2659 1877 2955 1956 propter

557 1984 884 2067 ignaviam
942 1990 1008 2049 et
1065 1986 1457 2068 pravitatem
1500 1985 1798 2050 omnibus
1859 2006 1999 2050 esse
2059 1985 2206 2050 odio
2265 1989 2465 2067 atque
2508 1983 2956 2049 Pescennium

559 2096 828 2178 Nigrum
893 2117 1073 2179 spem
1130 2097 1386 2180 imperii
1443 2097 1658 2162 animo
1708 2098 1989 2180 agitare,
2052 2102 2145 2176 et,
2210 2117 2377 2179 quae
2435 2100 2808 2179 appeteret,
2875 2118 2958 2161 se

558 2207 750 2272 facile
795 2214 1245 2280 assecuturum
1292 2230 1433 2273 esse
1469 2209 1754 2288 credere,
1788 2209 2048 2273 nuntiat
2091 2208 2399 2273 Severum
2431 2212 2779 2290 perspecta
2823 2207 2954 2272 ad-

559 2320 995 2384 versariorum
1036 2321 1498 2402 perversitate,
1565 2341 1713 2384 cum
1773 2325 1947 2384 esset
2007 2320 2221 2383 animo
2288 2319 2606 2383 acerrimo
2654 2324 2721 2383 et
2764 2319 2952 2383 velo-

559 2431 837 2509 cissim0,
889 2431 1060 2495 hanc
1121 2431 1527 2514 principatus
1571 2430 1974 2514 adipiscendi
2020 2430 2426 2495 occasionem
2474 2430 2953 2510 considerasse,

562 2542 798 2625 quibus
862 2543 1172 2625 expositis
1228 2543 1445 2626 pergit
1501 2544 1570 2606 in
1627 2543 1801 2607 hunc
1859 2542 2157 2606 modum:
2225 2538 2537 2609 ἀνέπειθε
2596 2543 2668 2610 δὲ
2727 2538 2954 2610 αὐτὸν

561 2650 873 2738 ὀνείρατα
917 2652 1239 2741 τοιαύτην
1281 2652 1431 2721 τινὰ
1479 2654 1711 2722 ἐλπίδα
1756 2652 2338 2741 ὑποσημαίνοντα,
2391 2657 2675 2740 χρησμοί
2713 2678 2782 2720 τε
2827 2656 2951 2720 καὶ

563 2762 687 2833 ὅσα
734 2765 798 2844 ἐς
838 2764 1224 2851 πρόγνωσιν
1280 2775 1419 2833 τῶν
1465 2766 1846 2853 μελλόντων
1892 2766 2188 2852 σύμβολα
2231 2770 2542 2851 φαίνεται
2562 2765 2632 2848 2).
2724 2767 2950 2847 Atque

564 2897 710 2939 cum
755 2878 986 2941 somnii
1032 2877 1463 2956 celeberrimi,
1515 2877 1699 2942 cuius
1744 2898 2014 2942 aeneum
2074 2877 2491 2942 simulacrum
2549 2875 2825 2940 Severus
2871 2877 2948 2939 in

563 2986 706 3052 foro
739 2988 1139 3069 collocasset,
1174 2989 1566 3054 mentionem
1596 2989 1875 3069 fecisset,
1921 2988 2092 3053 redit
2136 2988 2219 3054 ad
2250 3009 2468 3053 rerum
2496 2989 2948 3052 narrationem

563 3100 742 3165 hisce
807 3101 1021 3166 verbis
1083 3123 1239 3166 usus
1257 3151 1272 3180 ,
1354 3100 1621 3183 quibuS,
1691 3100 1848 3183 quid
1913 3100 2384 3168 nobilissimum
2449 3099 2944 3163 incitamentum

563 3210 763 3277 fuerit
784 3263 800 3292 ,
860 3213 1100 3278 iterum
1144 3213 1425 3277 dilucide
1471 3213 1891 3295 exprimitur:
1959 3210 2136 3280 οὕτω
2198 3216 2436 3279 τοίνυν
2500 3208 2535 3279 ὁ
2595 3217 2947 3295 Σεουῆρος

565 3319 797 3408 ἀρθεὶς
841 3323 967 3409 τὴν
1010 3322 1307 3412 γνώμην,
1361 3325 1644 3406 ἐλπίζων
1703 3349 1771 3391 τε
1831 3329 1986 3414 θείᾳ
2042 3327 2327 3412 προνοίᾳ
2386 3323 2492 3389 ἐπὶ
2547 3318 2672 3407 τὴν
2728 3316 2948 3407 ἀρχὴν

564 3442 934 3516 καλεῖσθαι,
963 3432 1335 3520 ἀπόπειραν
1369 3434 1656 3503 ἐποιεῖτο
1690 3444 1807 3522 τῆς
1840 3444 1978 3502 τῶν
2005 3441 2434 3518 στρατιωτῶν
2467 3429 2735 3517 γνώμης
2774 3484 2823 3498 ..
2846 3432 2942 3514 .3).

771 3546 989 3612 Etiam
1044 3547 1304 3612 Cassius
1360 3547 1484 3612 Dio
1543 3552 1825 3612 testatur
1882 3546 2188 3611 Severum
2247 3543 2447 3626 signis
2503 3543 2571 3607 in
2616 3563 2797 3625 spem
2842 3543 2944 3608 fu-

565 3660 699 3724 turi
756 3659 1014 3742 imperii
1078 3658 1430 3724 adductum
1496 3680 1637 3724 esse
1703 3659 1849 3741 (Ep.
1916 3656 2200 3721 LXXIV.
2263 3660 2317 3720 3.
2367 3660 2421 3719 1.
2477 3660 2513 3720 6
2575 3663 2809 3741 σημεῖα
2870 3655 2943 3722 δὲ

567 3767 772 3862 αὐτῷ,
817 3772 883 3852 ἐξ
934 3761 1028 3839 ὧν
1071 3768 1197 3856 τὴν
1242 3768 1607 3856 ἡγεμονίαν
1639 3767 1890 3857 ἤλπισε,
1934 3777 2144 3836 ταῦτα
2192 3768 2503 3854 ἐγένετο),
2548 3786 2943 3848 quamquam

566 3904 696 3948 non
743 3888 878 3946 tam
926 3882 1103 3947 clare
1150 3887 1216 3947 et
1253 3881 1633 3960 luculenter,
1680 3903 1876 3963 quam
1912 3880 2340 3956 HerodianuS,
2382 3878 2788 3941 demonstrat
2831 3876 2941 3941 Se-

565 4015 788 4058 verum
834 3994 1119 4058 ominum
1160 3993 1431 4057 hortatu
1481 3993 1761 4057 maxime
1805 3992 2045 4055 fretum
2072 3990 2510 4076 principatum
2552 3987 2943 4073 appetivisse

774 4290 826 4357 1)
861 4289 1026 4343 Dom.
1075 4289 1292 4341 14—16.

769 4375 826 4443 2)
864 4374 945 4427 11.
987 4378 1034 4428 9.
1072 4376 1121 4427 3.

770 4461 826 4528 3)
863 4458 946 4513 ΙΙ.
985 4463 1033 4514 9.
1071 4463 1120 4514 7.
