3167 5067
1239 395 1325 404 -
1413 360 1667 421 81,-

465 526 1040 590 Commemoranda
1111 533 1262 591 sunt
1320 529 1632 592 nonnulla
1693 529 1993 606 oracula,
2070 549 2237 612 quae
2299 531 2633 596 interitum

233 638 653 722 Palmyrenis
698 643 764 702 et
807 639 1147 704 victoriam
1192 640 1539 704 Aureliano
1586 641 1985 721 nuntiavere,
2036 663 2312 723 quorum
2342 643 2635 708 Zosimus

231 751 643 814 mentionem
686 750 879 816 facit:

665 864 804 928 ZOS.
851 864 898 928 I.
947 870 1046 929 57.
1137 875 1276 943 τοῖς
1309 872 1785 952 Παλμυρηνοῖς
1828 867 1899 933 δὲ
1932 867 2295 953 χρωμένοις
2342 870 2398 934 εἰ
2439 869 2633 935 καθέ-

563 979 749 1056 ξουσι
794 975 919 1063 τὴν
962 986 1078 1063 τῆς
1123 977 1288 1066 ἐφἀς
1338 975 1735 1063 ἡγεμονίαν,
1794 978 2069 1064 ἔχρησεν
2114 976 2150 1046 ὁ
2194 977 2353 1058 θεὸς
2399 978 2633 1060 οὕτως,

770 1089 951 1169 ιἔξιτέ
994 1117 1106 1176 μοι
1149 1089 1480 1176 μεγάρων,
1525 1087 1946 1177 ἄπατήμονες
1990 1088 2205 1159 οὔλιοι
2249 1088 2508 1177 ἄνδρες,

769 1201 1027 1290 φύτλης
1069 1200 1438 1270 ἀθανάτων
1487 1204 1827 1288 ἐρικυδέος
1874 1200 2300 1291 ἀλγυντῆρες’

663 1316 1205 1402 πυνθανομένοις
1266 1316 1337 1383 δέ
1399 1334 1528 1382 τισι
1591 1318 1740 1401 περὶ
1799 1325 1915 1402 τῆς
1971 1312 2407 1403 Αὐρηλιανοῦ
2464 1319 2629 1384 κατὰ

564 1433 1037 1514 Παλμυρηνῶν
1083 1425 1425 1513 στρατείας
1470 1426 1505 1495 ὃ
1551 1427 1712 1508 θεὸς
1758 1425 1974 1496 ἀνεῖλε

766 1544 1011 1625 ικίρκος
1054 1539 1391 1626 τρηρωσιν
1433 1538 1618 1624 ἱερὸν
1660 1539 1826 1626 γόον
1873 1536 2240 1627 ἠγηλάζων,

764 1650 904 1732 οἶος
952 1659 1306 1742 πολλῇσιν·
1351 1654 1458 1719 ταὶ
1503 1654 1574 1720 δὲ
1623 1657 1984 1738 φρίσσουσι
2032 1653 2275 1741 φονῆα’

658 1764 744 1830 ib.
793 1772 891 1831 58.
982 1775 1121 1833 τῶν
1154 1773 1627 1852 Παλμυρηνῶν
1657 1769 1895 1833 τοίνυν
1938 1767 2011 1833 ἐν
2054 1776 2148 1857 τῷ
2192 1764 2322 1851 πρὸ
2365 1776 2481 1854 τῆς
2519 1795 2628 1835 κα-

556 1878 920 1961 θαιρέσεως
983 1878 1112 1945 ἔτει
1172 1876 1648 1945 συνελθόντων
1710 1879 1782 1945 ἐν
1838 1887 1931 1968 τῷ
1984 1887 2099 1964 τῆς
2144 1879 2376 1965 ἑορτῆς
2419 1890 2630 1971 καιρῷ

555 1990 666 2054 καὶ
715 1991 806 2068 εἰς
850 1987 1048 2075 τιμὴν
1094 1999 1210 2075 τῆς
1255 1998 1428 2056 θεοῦ
1472 1992 1659 2074 δῶρα
1718 1999 1974 2075 χρυσοῦ
2016 1992 2128 2057 καὶ
2169 1986 2473 2077 ἀργύρου
2517 1993 2628 2059 καὶ

459 2094 462 2096 Α
553 2098 973 2188 ὑφασμάτων
1019 2099 1186 2168 κατὰ
1230 2110 1346 2187 τῆς
1384 2105 1619 2188 λίμνης
1661 2097 2008 2187 ἀφέντων,
2071 2100 2346 2169 πάντων
2390 2129 2459 2170 τε
2508 2114 2632 2171 τοῦ

554 2214 813 2299 βοίθους
871 2212 1382 2295 καταδυόντων,
1445 2211 1612 2281 κατὰ
1675 2211 1752 2280 τὸ
1822 2213 2138 2300 ἐχόμενον
2198 2214 2342 2293 ἔτος
2402 2215 2476 2282 ἐν
2536 2226 2631 2307 τῷ

553 2336 763 2418 καιρῷ
824 2336 942 2413 τῆς
1009 2326 1243 2412 ἑορτῆς
1324 2322 1657 2412 ὤφθησαν
1718 2325 2142 2412 αἰωρούμενα
2203 2326 2453 2408 πάντα,
2514 2338 2631 2415 τῆς

554 2448 726 2507 θεοῦ
765 2437 874 2506 διὰ
920 2437 1170 2506 τούτου
1215 2436 1296 2505 τὰ
1342 2438 1622 2525 ἐσόμενα
1665 2427 2070 2526 δηλωσάσης.

451 2551 656 2631 Quale
701 2572 1085 2635 responsum
1115 2551 1504 2615 Aurelianus
1550 2550 1795 2630 tulerit,
1840 2572 1985 2614 cum
2012 2550 2387 2616 Gallicanas
2422 2552 2627 2637 Drya-

236 2665 361 2728 das
408 2664 871 2743 consuluisset,
936 2685 1089 2727 num
1147 2663 1323 2746 apud
1384 2684 1534 2727 suos
1593 2668 1893 2746 posteros
1938 2663 2277 2746 imperium
2327 2685 2627 2747 perman-

236 2797 464 2840 surum
511 2781 701 2855 esset,
747 2776 882 2840 iam·
924 2796 1124 2859 supra
1169 2774 1667 2840 memoravimus
1723 2774 1829 2859 (cf.
1873 2795 2022 2858 pag.
2072 2776 2198 2859 79).

448 2888 636 2972 Apud
683 2889 980 2953 Orosium
1044 2888 1298 2971 signum
1344 2891 1919 2951 commemoratum
1963 2888 2210 2966 inveni,
2269 2887 2448 2969 quod
2498 2910 2627 2952 non

237 3022 360 3084 pro
407 3002 618 3064 omine
677 3002 905 3065 mortis
950 3000 1313 3065 ducendum
1372 3000 1529 3063 mihi
1573 2999 1847 3064 videtur.
1938 2999 2274 3082 LegimuS‚
2335 3000 2440 3064 Or.
2489 3002 2624 3065 VII.

242 3119 341 3177 23.
391 3117 464 3176 6:
529 3112 911 3192 „novissime
962 3134 1105 3176 cum
1152 3112 1671 3196 persecutionem
1720 3112 2033 3176 adversus
2080 3112 2482 3177 Christianos
2521 3114 2627 3196 agi

239 3245 446 3290 nonus
492 3245 532 3289 a
576 3224 832 3288 Nerone
894 3224 1305 3302 decerneret,
1363 3224 1608 3289 fulmen
1667 3229 1819 3288 ante
1879 3245 2026 3289 eum
2083 3247 2318 3309 magno
2381 3246 2623 3309 pavore

240 3338 800 3402 circumstantium
867 3337 1000 3424 ruit
1055 3357 1134 3400 ac
1177 3357 1306 3401 non
1351 3336 1558 3401 multo
1605 3342 1754 3420 post
1795 3337 1862 3400 in
1905 3337 2136 3401 itinere
2183 3338 2437 3402 occisus
2482 3343 2623 3403 esti‘

238 3449 369 3516 Sed
427 3472 573 3514 cum
633 3471 844 3533 neque
904 3450 1221 3533 Vopiscus
1288 3469 1498 3532 neque
1562 3449 1764 3513 ceteri
1824 3449 2178 3533 scriptores
2238 3450 2487 3533 aliquid
2542 3451 2623 3517 de

235 3563 360 3627 hoc
404 3561 673 3626 fulmine
719 3562 907 3627 nobis
951 3562 1346 3626 tradiderint
1404 3567 1602 3644 atque
1646 3562 1913 3626 Orosius
1960 3561 2085 3626 hoc
2148 3562 2392 3628 fulmen
2453 3565 2622 3628 acci-

236 3674 410 3738 disse
475 3672 681 3752 dicat‚
762 3657 906 3737 cum
966 3673 1354 3738 Aurelianus
1414 3673 1804 3738 christianos
1872 3675 2177 3757 persequi
2234 3675 2624 3740 instituisset

236 3786 344 3872 (cf.
393 3786 591 3849 etiam
630 3785 780 3849 Zon.
828 3785 968 3849 XII.
1013 3786 1142 3869 27),
1209 3786 1427 3850 nescio
1466 3806 1556 3857 ‚an
1604 3785 1766 3849 illud
1810 3787 2040 3850 mortis
2092 3787 2344 3870 signum
2391 3793 2623 3871 postea

234 3922 275 3964 a
321 3897 699 3963 christianis
740 3897 965 3963 fictum
1013 3898 1114 3961 sit.

1243 4184 1609 4249 Tacitus.

442 4347 674 4412 Omina
717 4347 974 4431 imperii
1019 4348 1244 4412 Tacito
1290 4347 1468 4422 sacta
1513 4348 1708 4412 affert
1756 4346 2306 4431 Vopiscus—haec:

649 4460 798 4524 Tac.
870 4466 963 4522 17.
1034 4466 1083 4522 1.
1176 4460 1542 4539 „fanaticus
1623 4460 1886 4542 quidam
1949 4462 2013 4523 in
2069 4459 2312 4543 templo
2375 4461 2619 4525 Silvani

2170 4565 2202 4614 6
