3167 5067
1490 350 1925 410 ...42—

825 538 1060 599 magno
1109 517 1289 581 Aelio
1321 517 1658 580 Hadriano
1701 517 1939 600 peritia
1970 518 2345 581 caelestium
2383 518 2659 581 callente
2707 539 2912 600 prae—

826 628 1072 693 dictum
1120 650 1262 693 esse
1309 635 1734 712 conpererat“

929 740 1015 805 ib.
1065 747 1119 804 2.
1167 748 1204 806 8
1275 762 1460 820 „cum
1507 741 1823 806 sollicitus
1869 741 1949 806 de
1992 742 2405 824 imperatoris
2463 744 2621 823 erga
2683 763 2753 805 se
2807 742 2911 805 iu·

828 852 1015 931 dicio,
1062 851 1468 935 Vergilianas
1518 858 1729 917 sortes
1774 852 2157 932 consuleret,

931 964 1115 1048 [Aen.
1164 964 1275 1028 VI.-
1323 970 1448 1030 808
1485 965 1653 1050 sqq.]
1744 965 1901 1043 Quis
1954 964 2185 1049 procul
2249 965 2363 1029 illa
2417 969 2635 1029 autem
2698 965 2910 1029 ramis

827 1076 1098 1157 insignis
1145 1076 1353 1141 olivae

1038 1209 1228 1252 sacra
1272 1188 1535 1253 ferens?
1579 1209 1777 1278 nosco
1824 1189 2035 1253 crines
2078 1190 2443 1271 incanaque
2487 1176 2708 1253 menta

1035 1300 1208 1382 regis
1255 1300 1529 1365 Romani
1571 1301 1849 1384 primam
1897 1301 2007 1382 qui
2049 1299 2302 1382 legibus
2348 1300 2577 1365 urbem

1035 1411 1356 1490 fundabit,
1401 1412 1680 1477 Curibus
1725 1412 1946 1496 parvis
1994 1418 2060 1476 et
2103 1433 2393 1496 paupere
2439 1418 2621 1477 terra

1035 1525 1269 1588 missus
1314 1525 1380 1587 in
1423 1524 1765 1608 imperium
1810 1545 2135 1607 magnum,
2185 1525 2289 1588 cui
2333 1524 2566 1589 deinde
2612 1524 2885 1602 subibit,

935 1637 1075 1700 'sors
1122 1636 1393 1714 excidit,
1457 1657 1653 1718 quam
1700 1636 1811 1700 alii
1854 1635 2185 1720 Sibyllinis
2227 1635 2522 1701 versibus
2567 1638 2627 1701 ei
2668 1656 2907 1719 prove-

829 1749 1001 1812 nisse
1048 1748 1390 1813 dixerunt“

932 1860 1018 1924 ib.
1084 1866 1140 1924 2.
1202 1867 1258 1925 9.
1315 1860 1621 1939 '„habuit
1691 1865 1909 1924 autem
1970 1860 2567 1943 praesumptionem
2641 1859 2905 1942 imperii

829 1994 979 2037 mox
1041 1972 1247 2037 futuri
1317 1992 1398 2037 ex
1457 1972 1610 2036 fano
1682 1992 1940 2054 quoque
2002 1970 2314 2035 Niceforii
2373 1972 2544 2036 Iovis
2596 1977 2909 2035 manante

831 2090 1181 2169 responso“

934 2197 1019 2262 ib.
1067 2203 1122 2261 3.
1171 2204 1226 2262 5.
1317 2197 1420 2275 „in
1467 2218 1595 2279 quo
1636 2196 2027 2278 magistratu
2071 2196 2156 2260 ad
2194 2201 2580 2279 perpetuam
2626 2195 2907 2259 tribuni·
2975 2251 2980 2252 ff

833 2309 999 2374 ciam
1043 2314 1437 2392 potestatem
1484 2329 1672 2373 omen
1719 2307 1843 2373 sibi
1890 2308 2135 2372 factum
2182 2308 2460 2386 adserit,
2531 2307 2703 2389 quod
2750 2327 2907 2390 pae-

832 2421 1020 2484 nulas
1068 2421 1360 2485 amiserit
1406 2421 1644 2503 quibus
1703 2413 1799 2485 uti
1859 2420 2105 2485 tribuni
2163 2419 2373 2503 plebis
2424 2420 2683 2503 pluviae
2742 2424 2907 2483 tem-

831 2554 991 2616 pore
1037 2532 1352 2612 solebant,
1400 2534 1828 2616 imperatores
1872 2537 2091 2597 autem
2137 2538 2509 2614 nunquam“

731 2646 888 2710 Cum
948 2646 1079 2709 iam
1135 2646 1493 2728 imperator
1568 2646 1781 2710 factus
1855 2645 1923 2707 in
1982 2650 2267 2709 montem
2329 2644 2589 2708 Casium
2647 2642 2909 2707 videndi

524 2757 679 2821 solis
726 2763 908 2822 ortus
955 2779 1154 2822 causa
1186 2764 1375 2823 nocte
1400 2742 1816 2835 ascendisset,
1860 2753 2160 2839 magnum
2182 2756 2549 2839 prodigium
2591 2754 2908 2818 accidisse

527 2859 927 2952 Spartianus
957 2869 1179 2949 tradit,
1228 2876 1323 2934 14.
1372 2876 1443 2935 3:

938 2982 1183 3061 „imbre
1229 2987 1374 3047 orto
1405 2982 1650 3046 fulmen
1691 2980 1996 3045 decidens
2031 2980 2313 3044 hostiam
2359 2987 2426 3043 et
2468 2978 2906 3043 victimarium

837 3092 1231 3159 sacrificanti
1275 3094 1579 3159 adflaviti‘

735 3206 1104 3272 Occurrunt
1147 3208 1324 3290 apud
1357 3207 1774 3291 Spartianum
1821 3204 2130 3269 nonnulla
2171 3208 2479 3288 portenta
2509 3202 2746 3267 similia
2795 3203 2905 3279 eiS,

530 3339 697 3400 quae
746 3319 1148 3402 Vespasiano
1194 3319 1511 3384 accidisse
1555 3323 1910 3382 narrantur
1955 3316 2061 3402 (cf.
2108 3337 2256 3400 pag.
2307 3315 2451 3398 35):

940 3430 1027 3496 ib.
1073 3437 1172 3496 25.
1227 3438 1277 3495 1.
1325 3437 1381 3495 2.
1472 3432 1609 3510 „Ea
1666 3434 2055 3513 tempestate
2118 3431 2293 3512 (cum
2349 3427 2723 3491 Hadrianus
2766 3448 2907 3491 sae-

837 3544 984 3626 pius
1027 3544 1235 3607 vitam
1272 3542 1399 3608 sibi
1446 3544 1698 3626 eripere
1744 3547 2012 3606 conatus
2061 3539 2257 3622 esset)
2304 3539 2677 3622 supervenit
2710 3558 2907 3620 quae-

839 3656 989 3720 dam
1033 3656 1297 3734 mulier,
1351 3676 1520 3738 quae
1566 3655 1846 3733 diceret,
1893 3653 2141 3717 somnio
2191 3673 2261 3717 se
2305 3650 2653 3729 monitam,
2697 3655 2770 3713 ut
2817 3651 2907 3713 in-

840 3770 1132 3834 sinuaret
1178 3768 1544 3847 Hadriano,
1609 3788 1689 3831 ne
1733 3788 1802 3831 se
1852 3765 2208 3844 occideret,
2279 3763 2454 3846 quod
2513 3769 2686 3828 esset
2713 3764 2717 3768 ⁴
2745 3763 2909 3827 bene

839 3881 1174 3946 valiturus
1229 3880 1404 3963 quod
1432 3902 1575 3944 cum
1602 3901 1730 3943 non
1757 3878 2038 3955 fecisset,
2083 3899 2223 3941 esse
2259 3881 2611 3940 caecatam.
2667 3876 2908 3939 iussam

839 4002 1059 4057 tamen
1130 3994 1367 4057 iterum
1427 3992 1763 4055 Hadriano
1826 3990 2053 4055 eadem
2121 3988 2373 4068 dicere,
2440 3992 2639 4069 atque
2701 4008 2909 4069 genua

844 4107 982 4169 eius
1027 4104 1321 4168 osculare
1377 4111 1789 4186 recepturam
1842 4102 2081 4178 visum,
2147 4101 2201 4164 si
2256 4100 2325 4163 id
2384 4100 2662 4164 fecisset.
2739 4096 2909 4181 quod

844 4238 988 4281 cum
1033 4216 1419 4280 insomnium
1464 4215 1833 4297 implesset,
1902 4212 2121 4275 oculos
2178 4212 2479 4294 recepit,·
2515 4231 2656 4274 cum
2719 4230 2907 4292 aqua,

844 4350 1011 4417 quae
1057 4329 1123 4392 in
1162 4327 1312 4391 fano
1353 4336 1514 4405 erat,
1562 4350 1641 4390 ex
1688 4347 1815 4409 quo
1863 4330 2147 4401 venerat,
2192 4324 2415 4387 oculos
2462 4322 2816 4386 abluisset“
