<?xml version="1.0" encoding="UTF-8"?>
<!DOCTYPE html PUBLIC "-//W3C//DTD XHTML 1.0 Transitional//EN"
    "http://www.w3.org/TR/xhtml1/DTD/xhtml1-transitional.dtd">
<html xmlns="http://www.w3.org/1999/xhtml" xml:lang="en" lang="en">
 <head>
  <title>
</title>
<meta http-equiv="Content-Type" content="text/html;charset=utf-8" />
  <meta name='ocr-system' content='tesseract 3.04.00' />
  <meta name='ocr-capabilities' content='ocr_page ocr_carea ocr_par ocr_line ocrx_word'/>
</head>
<body>
  <div class='ocr_page' id='page_1' title='image "./deominibusquaea00wagngoog_0066.png"; bbox 0 0 3167 5067; ppageno 0'>
   <div class='ocr_carea' id='block_1_1' title="bbox 516 313 2934 4501">
    <p class='ocr_par' dir='ltr' id='par_1_1' title="bbox 516 313 2934 782">
     <span class='ocr_line' id='line_1_1' title="bbox 1491 313 1925 383; baseline 0.002 -16"><span class='ocrx_word' id='word_1_1' title='bbox 1491 356 1580 367; x_wconf 81' lang='grc'><strong><em>.-.</em></strong></span> <span class='ocrx_word' id='word_1_2' title='bbox 1669 313 1747 383; x_wconf 68' lang='lat'><strong><em>32</em></strong></span> <span class='ocrx_word' id='word_1_3' title='bbox 1840 358 1925 368; x_wconf 81' lang='grc'><strong>-</strong></span> 
     </span>
     <span class='ocr_line' id='line_1_2' title="bbox 519 491 2934 577; baseline -0 -19"><span class='ocrx_word' id='word_1_4' title='bbox 519 515 686 577; x_wconf 88' lang='lat' dir='ltr'>quae</span> <span class='ocrx_word' id='word_1_5' title='bbox 744 498 976 577; x_wconf 83' lang='lat' dir='ltr'>postea</span> <span class='ocrx_word' id='word_1_6' title='bbox 1040 492 1210 556; x_wconf 87' lang='lat' dir='ltr'>inter</span> <span class='ocrx_word' id='word_1_7' title='bbox 1268 491 1508 555; x_wconf 79' lang='lat' dir='ltr'>fratres</span> <span class='ocrx_word' id='word_1_8' title='bbox 1571 491 2082 569; x_wconf 78' lang='lat' dir='ltr'>exercebantur,</span> <span class='ocrx_word' id='word_1_9' title='bbox 2144 491 2317 555; x_wconf 84' lang='lat' dir='ltr'>infra</span> <span class='ocrx_word' id='word_1_10' title='bbox 2371 493 2934 557; x_wconf 82' lang='lat' dir='ltr'>commemorabi-</span> 
     </span>
     <span class='ocr_line' id='line_1_3' title="bbox 517 603 2933 686; baseline -0.001 -16"><span class='ocrx_word' id='word_1_11' title='bbox 517 628 692 685; x_wconf 79' lang='lat' dir='ltr'>muS,</span> <span class='ocrx_word' id='word_1_12' title='bbox 756 626 901 669; x_wconf 85' lang='lat' dir='ltr'><strong><em>oum</em></strong></span> <span class='ocrx_word' id='word_1_13' title='bbox 963 604 1042 669; x_wconf 89' lang='lat' dir='ltr'><strong><em>de</em></strong></span> <span class='ocrx_word' id='word_1_14' title='bbox 1095 604 1327 686; x_wconf 78' lang='lat' dir='ltr'>signiS,</span> <span class='ocrx_word' id='word_1_15' title='bbox 1389 624 1556 685; x_wconf 85' lang='lat' dir='ltr'>quae</span> <span class='ocrx_word' id='word_1_16' title='bbox 1620 604 1827 667; x_wconf 85' lang='lat' dir='ltr'>Getae</span> <span class='ocrx_word' id='word_1_17' title='bbox 1872 608 2146 667; x_wconf 88' lang='lat' dir='ltr'>mortem</span> <span class='ocrx_word' id='word_1_18' title='bbox 2192 603 2628 683; x_wconf 78' lang='lat' dir='ltr'>ostenderint,</span> <span class='ocrx_word' id='word_1_19' title='bbox 2699 605 2933 669; x_wconf 80' lang='lat' dir='ltr'>verba</span> 
     </span>
     <span class='ocr_line' id='line_1_4' title="bbox 516 717 850 782; baseline -0.003 -1"><span class='ocrx_word' id='word_1_20' title='bbox 516 717 850 782; x_wconf 55' lang='lat' dir='ltr'><strong>faciamus</strong></span> 
     </span>
    </p>

    <p class='ocr_par' dir='ltr' id='par_1_2' title="bbox 517 827 2927 1137">
     <span class='ocr_line' id='line_1_5' title="bbox 726 827 2927 912; baseline 0 -19"><span class='ocrx_word' id='word_1_21' title='bbox 726 830 958 894; x_wconf 85' lang='lat' dir='ltr'>Omina</span> <span class='ocrx_word' id='word_1_22' title='bbox 1018 829 1245 892; x_wconf 87' lang='lat' dir='ltr'>mortis</span> <span class='ocrx_word' id='word_1_23' title='bbox 1297 827 1677 892; x_wconf 84' lang='lat' dir='ltr'>Caracallae</span> <span class='ocrx_word' id='word_1_24' title='bbox 1739 828 1945 893; x_wconf 86' lang='lat' dir='ltr'>multa</span> <span class='ocrx_word' id='word_1_25' title='bbox 2004 827 2228 892; x_wconf 76' lang='lat' dir='ltr'>oblata,</span> <span class='ocrx_word' id='word_1_26' title='bbox 2286 834 2452 892; x_wconf 82' lang='lat' dir='ltr'>sunt.</span> <span class='ocrx_word' id='word_1_27' title='bbox 2543 828 2671 893; x_wconf 88' lang='lat' dir='ltr'><strong><em>Pro</em></strong></span> <span class='ocrx_word' id='word_1_28' title='bbox 2717 830 2927 912; x_wconf 84' lang='lat' dir='ltr'>signo</span> 
     </span>
     <span class='ocr_line' id='line_1_6' title="bbox 517 939 2926 1023; baseline 0 -17"><span class='ocrx_word' id='word_1_29' title='bbox 517 944 819 1006; x_wconf 84' lang='lat' dir='ltr'>interitus</span> <span class='ocrx_word' id='word_1_30' title='bbox 863 940 1227 1005; x_wconf 80' lang='lat' dir='ltr'>ducendum</span> <span class='ocrx_word' id='word_1_31' title='bbox 1270 939 1339 1004; x_wconf 84' lang='lat' dir='ltr'><strong><em>id</em></strong></span> <span class='ocrx_word' id='word_1_32' title='bbox 1384 939 1541 1002; x_wconf 83' lang='lat' dir='ltr'><strong>mihi</strong></span> <span class='ocrx_word' id='word_1_33' title='bbox 1588 941 1875 1019; x_wconf 86' lang='lat' dir='ltr'>videtur,</span> <span class='ocrx_word' id='word_1_34' title='bbox 1933 940 2107 1023; x_wconf 87' lang='lat' dir='ltr'>quod</span> <span class='ocrx_word' id='word_1_35' title='bbox 2169 940 2395 1004; x_wconf 83' lang='lat' dir='ltr'>Manes</span> <span class='ocrx_word' id='word_1_36' title='bbox 2448 942 2782 1006; x_wconf 87' lang='lat' dir='ltr'>Commodi</span> <span class='ocrx_word' id='word_1_37' title='bbox 2857 945 2926 1006; x_wconf 92' lang='lat' dir='ltr'><strong><em>ei</em></strong></span> 
     </span>
     <span class='ocr_line' id='line_1_7' title="bbox 517 1054 1882 1137; baseline -0.004 -19"><span class='ocrx_word' id='word_1_38' title='bbox 517 1054 1130 1137; x_wconf 86' lang='lat' dir='ltr'>pronuntiaverunt:</span> <span class='ocrx_word' id='word_1_39' title='bbox 1875 1062 1882 1068; x_wconf 82' lang='grc'><strong><em>’</em></strong></span> 
     </span>
    </p>

    <p class='ocr_par' dir='ltr' id='par_1_3' title="bbox 826 1164 2925 2034">
     <span class='ocr_line' id='line_1_8' title="bbox 933 1164 2924 1251; baseline 0.003 -23"><span class='ocrx_word' id='word_1_40' title='bbox 933 1166 1056 1229; x_wconf 90' lang='lat' dir='ltr'><strong><em>Dio</em></strong></span> <span class='ocrx_word' id='word_1_41' title='bbox 1103 1166 1218 1248; x_wconf 85' lang='lat' dir='ltr'><strong><em>Ep.</em></strong></span> <span class='ocrx_word' id='word_1_42' title='bbox 1280 1164 1598 1229; x_wconf 80' lang='lat' dir='ltr'>LXXVII.</span> <span class='ocrx_word' id='word_1_43' title='bbox 1652 1170 1746 1229; x_wconf 82' lang='lat'><strong><em>15.</em></strong></span> <span class='ocrx_word' id='word_1_44' title='bbox 1796 1172 1853 1242; x_wconf 87' lang='grc'><strong><em>4,</em></strong></span> <span class='ocrx_word' id='word_1_45' title='bbox 1902 1172 1957 1229; x_wconf 85' lang='grc'><strong><em>5.</em></strong></span> <span class='ocrx_word' id='word_1_46' title='bbox 2046 1166 2159 1232; x_wconf 88' lang='grc' dir='ltr'><strong><em>καὶ</em></strong></span> <span class='ocrx_word' id='word_1_47' title='bbox 2218 1165 2327 1232; x_wconf 84' lang='grc' dir='ltr'><strong><em>διὰ</em></strong></span> <span class='ocrx_word' id='word_1_48' title='bbox 2391 1175 2604 1233; x_wconf 86' lang='grc' dir='ltr'><strong><em>ταῦτα</em></strong></span> <span class='ocrx_word' id='word_1_49' title='bbox 2667 1167 2924 1251; x_wconf 76' lang='grc' dir='ltr'><strong><em>ἐψυχα-</em></strong></span> 
     </span>
     <span class='ocr_line' id='line_1_9' title="bbox 826 1274 2925 1365; baseline 0.002 -22"><span class='ocrx_word' id='word_1_50' title='bbox 826 1277 1086 1365; x_wconf 78' lang='grc' dir='ltr'><strong><em>γώγησε</em></strong></span> <span class='ocrx_word' id='word_1_51' title='bbox 1131 1278 1254 1364; x_wconf 87' lang='grc' dir='ltr'><strong><em>μέν</em></strong></span> <span class='ocrx_word' id='word_1_52' title='bbox 1478 1274 1678 1357; x_wconf 76' lang='grc' dir='ltr'><strong><em>ἄλλας</em></strong></span> <span class='ocrx_word' id='word_1_53' title='bbox 1725 1278 1792 1346; x_wconf 87' lang='grc' dir='ltr'><strong><em>τέ</em></strong></span> <span class='ocrx_word' id='word_1_54' title='bbox 1848 1303 2032 1358; x_wconf 89' lang='grc' dir='ltr'><strong><em>τινας</em></strong></span> <span class='ocrx_word' id='word_1_55' title='bbox 2077 1278 2187 1345; x_wconf 90' lang='grc' dir='ltr'><strong><em>καὶ</em></strong></span> <span class='ocrx_word' id='word_1_56' title='bbox 2258 1277 2384 1365; x_wconf 83' lang='grc' dir='ltr'><strong><em>τὴν</em></strong></span> <span class='ocrx_word' id='word_1_57' title='bbox 2457 1287 2584 1346; x_wconf 90' lang='grc' dir='ltr'><strong><em>τοῦ</em></strong></span> <span class='ocrx_word' id='word_1_58' title='bbox 2658 1278 2925 1363; x_wconf 88' lang='grc' dir='ltr'><strong><em>πατρὸς</em></strong></span> 
     </span>
     <span class='ocr_line' id='line_1_10' title="bbox 828 1386 2922 1482; baseline 0 -26"><span class='ocrx_word' id='word_1_59' title='bbox 828 1399 954 1458; x_wconf 85' lang='grc' dir='ltr'><strong><em>τοῦ</em></strong></span> <span class='ocrx_word' id='word_1_60' title='bbox 1013 1416 1080 1456; x_wconf 97' lang='grc' dir='ltr'><strong><em>τε</em></strong></span> <span class='ocrx_word' id='word_1_61' title='bbox 1147 1388 1511 1476; x_wconf 85' lang='grc' dir='ltr'><strong><em>Κομμόδου</em></strong></span> <span class='ocrx_word' id='word_1_62' title='bbox 1557 1389 1812 1475; x_wconf 81' lang='grc' dir='ltr'><strong><em>ψυχήν,</em></strong></span> <span class='ocrx_word' id='word_1_63' title='bbox 1883 1387 2020 1457; x_wconf 82' lang='grc' dir='ltr'><strong><em>εἷπε</em></strong></span> <span class='ocrx_word' id='word_1_64' title='bbox 2074 1386 2128 1457; x_wconf 84' lang='grc' dir='ltr'><strong><em>δ’</em></strong></span> <span class='ocrx_word' id='word_1_65' title='bbox 2193 1386 2413 1470; x_wconf 80' lang='grc' dir='ltr'><strong><em>οὐδεὶς</em></strong></span> <span class='ocrx_word' id='word_1_66' title='bbox 2473 1387 2677 1458; x_wconf 78' lang='grc' dir='ltr'><strong><em>οὐδὲν</em></strong></span> <span class='ocrx_word' id='word_1_67' title='bbox 2722 1388 2922 1482; x_wconf 74' lang='grc' dir='ltr'><strong><em>αὐτςῖ</em></strong></span> 
     </span>
     <span class='ocr_line' id='line_1_11' title="bbox 828 1500 2923 1593; baseline 0 -24"><span class='ocrx_word' id='word_1_68' title='bbox 828 1500 1003 1587; x_wconf 81' lang='grc' dir='ltr'><strong><em>πλὴν</em></strong></span> <span class='ocrx_word' id='word_1_69' title='bbox 1047 1511 1172 1569; x_wconf 86' lang='grc' dir='ltr'><strong><em>τοῦ</em></strong></span> <span class='ocrx_word' id='word_1_70' title='bbox 1217 1500 1617 1588; x_wconf 82' lang='grc' dir='ltr'><strong><em>Κομμόδου’</em></strong></span> <span class='ocrx_word' id='word_1_71' title='bbox 1679 1510 1771 1591; x_wconf 77' lang='grc' dir='ltr'><strong><em>τῷ</em></strong></span> <span class='ocrx_word' id='word_1_72' title='bbox 1828 1500 1955 1587; x_wconf 78' lang='grc' dir='ltr'><strong><em>γὰρ</em></strong></span> <span class='ocrx_word' id='word_1_73' title='bbox 2020 1502 2345 1593; x_wconf 79' lang='grc' dir='ltr'><strong><em>Σεουήρῳ</em></strong></span> <span class='ocrx_word' id='word_1_74' title='bbox 2404 1504 2516 1569; x_wconf 86' lang='grc' dir='ltr'><strong><em>καὶ</em></strong></span> <span class='ocrx_word' id='word_1_75' title='bbox 2577 1500 2614 1570; x_wconf 88' lang='grc' dir='ltr'>ὁ</span> <span class='ocrx_word' id='word_1_76' title='bbox 2677 1504 2923 1584; x_wconf 81' lang='grc' dir='ltr'><em>Γέτας,</em></span> 
     </span>
     <span class='ocr_line' id='line_1_12' title="bbox 835 1609 2924 1701; baseline 0 -20"><span class='ocrx_word' id='word_1_77' title='bbox 835 1613 918 1695; x_wconf 79' lang='grc' dir='ltr'><strong><em>ὥς</em></strong></span> <span class='ocrx_word' id='word_1_78' title='bbox 976 1632 1174 1701; x_wconf 89' lang='grc' dir='ltr'><strong><em>φασι,</em></strong></span> <span class='ocrx_word' id='word_1_79' title='bbox 1241 1615 1352 1681; x_wconf 88' lang='grc' dir='ltr'><strong><em>καὶ</em></strong></span> <span class='ocrx_word' id='word_1_80' title='bbox 1413 1609 1695 1699; x_wconf 76' lang='grc' dir='ltr'><strong><em>ἄκλητος</em></strong></span> <span class='ocrx_word' id='word_1_81' title='bbox 1754 1613 2078 1699; x_wconf 68' lang='grc' dir='ltr'><strong><em>ἐφέσπετο</em></strong></span> <span class='ocrx_word' id='word_1_82' title='bbox 2301 1615 2429 1701; x_wconf 76' lang='grc' dir='ltr'><strong><em>ἔφη</em></strong></span> <span class='ocrx_word' id='word_1_83' title='bbox 2489 1613 2616 1701; x_wconf 80' lang='grc' dir='ltr'><strong><em>γὰρ</em></strong></span> <span class='ocrx_word' id='word_1_84' title='bbox 2676 1624 2924 1694; x_wconf 83' lang='grc' dir='ltr'><strong><em>ταῦτα,</em></strong></span> 
     </span>
     <span class='ocr_line' id='line_1_13' title="bbox 826 1722 2911 1816; baseline -0.001 -21"><span class='ocrx_word' id='word_1_85' title='bbox 826 1733 1034 1814; x_wconf 68' lang='grc' dir='ltr'><strong><em>6βαῖνε</em></strong></span> <span class='ocrx_word' id='word_1_86' title='bbox 1082 1730 1269 1813; x_wconf 80' lang='grc' dir='ltr'><strong><em>δίκης</em></strong></span> <span class='ocrx_word' id='word_1_87' title='bbox 1316 1722 1553 1806; x_wconf 77' lang='grc' dir='ltr'><strong><em>ἄσσον,</em></strong></span> <span class='ocrx_word' id='word_1_88' title='bbox 1600 1734 1773 1793; x_wconf 87' lang='grc' dir='ltr'><strong><em>θεοῦ</em></strong></span> <span class='ocrx_word' id='word_1_89' title='bbox 1816 1728 2004 1813; x_wconf 80' lang='grc' dir='ltr'><em>δίκης</em></span> <span class='ocrx_word' id='word_1_90' title='bbox 2050 1728 2311 1793; x_wconf 82' lang='grc' dir='ltr'><em>αἰτοῦσι</em></span> <span class='ocrx_word' id='word_1_91' title='bbox 2361 1725 2727 1816; x_wconf 80' lang='grc' dir='ltr'><strong><em>Σεουήρῳ’,</em></strong></span> <span class='ocrx_word' id='word_1_92' title='bbox 2775 1724 2911 1793; x_wconf 81' lang='grc' dir='ltr'><strong><em>εἷθ’</em></strong></span> 
     </span>
     <span class='ocr_line' id='line_1_14' title="bbox 828 1836 2923 1925; baseline -0 -19"><span class='ocrx_word' id='word_1_93' title='bbox 828 1838 1057 1923; x_wconf 78' lang='grc' dir='ltr'><strong><em>ἕτερόν</em></strong></span> <span class='ocrx_word' id='word_1_94' title='bbox 1100 1864 1198 1919; x_wconf 91' lang='grc' dir='ltr'><strong><em>τι,</em></strong></span> <span class='ocrx_word' id='word_1_95' title='bbox 1253 1840 1366 1905; x_wconf 86' lang='grc' dir='ltr'><strong><em>καὶ</em></strong></span> <span class='ocrx_word' id='word_1_96' title='bbox 1412 1836 1519 1904; x_wconf 62' lang='grc' dir='ltr'><strong><em>ἐπὶ</em></strong></span> <span class='ocrx_word' id='word_1_97' title='bbox 1575 1844 1885 1923; x_wconf 80' lang='grc' dir='ltr'><strong><em>τελευτῆς</em></strong></span> <span class='ocrx_word' id='word_1_98' title='bbox 1952 1842 2320 1923; x_wconf 52' lang='grc' dir='ltr'><strong><em>(κρυφίοισι</em></strong></span> <span class='ocrx_word' id='word_1_99' title='bbox 2376 1838 2683 1906; x_wconf 89' lang='grc' dir='ltr'><strong><em>τόποισιν</em></strong></span> <span class='ocrx_word' id='word_1_100' title='bbox 2736 1839 2923 1925; x_wconf 78' lang='grc' dir='ltr'><strong><em>ἔχων</em></strong></span> 
     </span>
     <span class='ocr_line' id='line_1_15' title="bbox 827 1949 2072 2034; baseline -0.005 -16"><span class='ocrx_word' id='word_1_101' title='bbox 827 1951 1167 2018; x_wconf 84' lang='grc' dir='ltr'><strong><em>δυσαλθέα</em></strong></span> <span class='ocrx_word' id='word_1_102' title='bbox 1212 1951 1484 2018; x_wconf 81' lang='grc' dir='ltr'><strong><em>νοῦσον’</em></strong></span> <span class='ocrx_word' id='word_1_103' title='bbox 1532 1950 1711 2033; x_wconf 90' lang='lat' dir='ltr'>(Zon.</span> <span class='ocrx_word' id='word_1_104' title='bbox 1754 1949 1896 2016; x_wconf 85' lang='lat' dir='ltr'>XII.</span> <span class='ocrx_word' id='word_1_105' title='bbox 1949 1952 2072 2034; x_wconf 81' lang='lat'><strong><em>12).</em></strong></span> 
     </span>
    </p>

    <p class='ocr_par' dir='ltr' id='par_1_4' title="bbox 724 2062 2122 2146">
     <span class='ocr_line' id='line_1_16' title="bbox 724 2062 2122 2146; baseline -0.001 -19"><span class='ocrx_word' id='word_1_106' title='bbox 724 2063 1076 2128; x_wconf 86' lang='lat' dir='ltr'>Praeterea</span> <span class='ocrx_word' id='word_1_107' title='bbox 1122 2062 1379 2146; x_wconf 79' lang='lat' dir='ltr'>accepit</span> <span class='ocrx_word' id='word_1_108' title='bbox 1420 2062 1586 2126; x_wconf 84' lang='lat' dir='ltr'>haec</span> <span class='ocrx_word' id='word_1_109' title='bbox 1631 2062 1817 2144; x_wconf 81' lang='lat' dir='ltr'>signa</span> <span class='ocrx_word' id='word_1_110' title='bbox 1860 2063 2122 2127; x_wconf 83' lang='lat' dir='ltr'>mortis:</span> 
     </span>
    </p>

    <p class='ocr_par' dir='ltr' id='par_1_5' title="bbox 823 2171 2920 2485">
     <span class='ocr_line' id='line_1_17' title="bbox 931 2171 2916 2260; baseline 0.001 -21"><span class='ocrx_word' id='word_1_111' title='bbox 931 2176 1054 2240; x_wconf 87' lang='lat' dir='ltr'><strong><em>Dio</em></strong></span> <span class='ocrx_word' id='word_1_112' title='bbox 1100 2175 1217 2258; x_wconf 90' lang='lat' dir='ltr'><strong><em>Ep.</em></strong></span> <span class='ocrx_word' id='word_1_113' title='bbox 1265 2174 1614 2239; x_wconf 86' lang='lat' dir='ltr'><strong>LXXVIII.</strong></span> <span class='ocrx_word' id='word_1_114' title='bbox 1663 2180 1719 2238; x_wconf 90' lang='lat'><strong><em>4.</em></strong></span> <span class='ocrx_word' id='word_1_115' title='bbox 1765 2180 1822 2238; x_wconf 88' lang='grc'><strong><em>4.</em></strong></span> <span class='ocrx_word' id='word_1_116' title='bbox 1914 2175 2023 2240; x_wconf 93' lang='grc' dir='ltr'><strong><em>καὶ</em></strong></span> <span class='ocrx_word' id='word_1_117' title='bbox 2081 2171 2185 2241; x_wconf 79' lang='grc' dir='ltr'><strong><em>ὅτι</em></strong></span> <span class='ocrx_word' id='word_1_118' title='bbox 2232 2178 2591 2260; x_wconf 77' lang='grc' dir='ltr'><strong><em>Σεραπίων</em></strong></span> <span class='ocrx_word' id='word_1_119' title='bbox 2646 2200 2745 2254; x_wconf 92' lang='grc' dir='ltr'><strong><em>τις</em></strong></span> <span class='ocrx_word' id='word_1_120' title='bbox 2789 2178 2916 2241; x_wconf 86' lang='grc' dir='ltr'><strong><em>Αί-</em></strong></span> 
     </span>
     <span class='ocr_line' id='line_1_18' title="bbox 823 2282 2920 2376; baseline -0 -21"><span class='ocrx_word' id='word_1_121' title='bbox 823 2287 1101 2373; x_wconf 78' lang='grc' dir='ltr'><strong><em>γύπτιος</em></strong></span> <span class='ocrx_word' id='word_1_122' title='bbox 1155 2284 1471 2371; x_wconf 80' lang='grc' dir='ltr'><strong><em>ἄντικρυς</em></strong></span> <span class='ocrx_word' id='word_1_123' title='bbox 1544 2296 1639 2375; x_wconf 79' lang='grc' dir='ltr'><strong><em>τῷ</em></strong></span> <span class='ocrx_word' id='word_1_124' title='bbox 1681 2283 2050 2376; x_wconf 79' lang='grc' dir='ltr'><strong><em>Άντωνίνῳ</em></strong></span> <span class='ocrx_word' id='word_1_125' title='bbox 2127 2284 2257 2369; x_wconf 90' lang='grc' dir='ltr'><strong><em>πρὸ</em></strong></span> <span class='ocrx_word' id='word_1_126' title='bbox 2322 2282 2569 2371; x_wconf 79' lang='grc' dir='ltr'><em>ὀλίγων</em></span> <span class='ocrx_word' id='word_1_127' title='bbox 2638 2285 2920 2373; x_wconf 82' lang='grc' dir='ltr'><strong><em>ἡμερῶν</em></strong></span> 
     </span>
     <span class='ocr_line' id='line_1_19' title="bbox 829 2394 2097 2485; baseline -0.002 -18"><span class='ocrx_word' id='word_1_128' title='bbox 829 2398 1075 2485; x_wconf 85' lang='grc' dir='ltr'><strong><em>εἰρήκει</em></strong></span> <span class='ocrx_word' id='word_1_129' title='bbox 1121 2396 1224 2466; x_wconf 84' lang='grc' dir='ltr'><strong><em>ὅτι</em></strong></span> <span class='ocrx_word' id='word_1_130' title='bbox 1267 2415 1339 2465; x_wconf 75' lang='grc' dir='ltr'><strong><em>τε·</em></strong></span> <span class='ocrx_word' id='word_1_131' title='bbox 1384 2394 1838 2484; x_wconf 79' lang='grc' dir='ltr'><strong><em>ὀλιγοχρόνιος</em></strong></span> <span class='ocrx_word' id='word_1_132' title='bbox 1881 2398 2097 2465; x_wconf 77' lang='grc' dir='ltr'><strong><em>ἔσοιτο</em></strong></span> 
     </span>
    </p>

    <p class='ocr_par' dir='ltr' id='par_1_6' title="bbox 810 2508 2922 2933">
     <span class='ocr_line' id='line_1_20' title="bbox 928 2508 2922 2597; baseline 0.002 -23"><span class='ocrx_word' id='word_1_133' title='bbox 928 2511 1014 2574; x_wconf 87' lang='lat' dir='ltr'><strong><em>ib.</em></strong></span> <span class='ocrx_word' id='word_1_134' title='bbox 1060 2517 1116 2575; x_wconf 88' lang='lat'><strong><em>7.</em></strong></span> <span class='ocrx_word' id='word_1_135' title='bbox 1168 2516 1218 2575; x_wconf 92' lang='lat'><strong><em>1.</em></strong></span> <span class='ocrx_word' id='word_1_136' title='bbox 1312 2508 1350 2578; x_wconf 84' lang='grc' dir='ltr'>ὅ</span> <span class='ocrx_word' id='word_1_137' title='bbox 1391 2535 1460 2577; x_wconf 89' lang='grc' dir='ltr'><strong><em>τε</em></strong></span> <span class='ocrx_word' id='word_1_138' title='bbox 1506 2508 1634 2597; x_wconf 78' lang='grc' dir='ltr'><strong><em>γὰρ</em></strong></span> <span class='ocrx_word' id='word_1_139' title='bbox 1680 2510 1897 2596; x_wconf 84' lang='grc' dir='ltr'><strong><em>πατὴρ</em></strong></span> <span class='ocrx_word' id='word_1_140' title='bbox 1952 2508 2167 2578; x_wconf 87' lang='grc' dir='ltr'><strong><em>αὐτοῦ</em></strong></span> <span class='ocrx_word' id='word_1_141' title='bbox 2205 2511 2514 2595; x_wconf 91' lang='grc' dir='ltr'><strong><em>μέλλοντί</em></strong></span> <span class='ocrx_word' id='word_1_142' title='bbox 2561 2513 2626 2577; x_wconf 82' lang='grc' dir='ltr'><strong><em>οἱ</em></strong></span> <span class='ocrx_word' id='word_1_143' title='bbox 2676 2511 2745 2578; x_wconf 91' lang='grc' dir='ltr'><strong><em>έκ</em></strong></span> <span class='ocrx_word' id='word_1_144' title='bbox 2793 2520 2922 2597; x_wconf 85' lang='grc' dir='ltr'><strong><em>τῆς</em></strong></span> 
     </span>
     <span class='ocr_line' id='line_1_21' title="bbox 810 2620 2922 2709; baseline -0 -21"><span class='ocrx_word' id='word_1_145' title='bbox 810 2620 1198 2708; x_wconf 79' lang='grc' dir='ltr'><strong><em>Ἀντιοχείας</em></strong></span> <span class='ocrx_word' id='word_1_146' title='bbox 1258 2621 1384 2708; x_wconf 83' lang='grc' dir='ltr'><strong><em>τὴν</em></strong></span> <span class='ocrx_word' id='word_1_147' title='bbox 1445 2621 1833 2689; x_wconf 85' lang='grc' dir='ltr'><strong><em>τελευταιάν</em></strong></span> <span class='ocrx_word' id='word_1_148' title='bbox 1893 2622 2127 2703; x_wconf 76' lang='grc' dir='ltr'><strong><em>ἔξοδον</em></strong></span> <span class='ocrx_word' id='word_1_149' title='bbox 2170 2621 2580 2707; x_wconf 87' lang='grc' dir='ltr'><strong><em>ποιήσασθαι</em></strong></span> <span class='ocrx_word' id='word_1_150' title='bbox 2625 2622 2922 2709; x_wconf 77' lang='grc' dir='ltr'><strong><em>ξιφήρης</em></strong></span> 
     </span>
     <span class='ocr_line' id='line_1_22' title="bbox 828 2731 2910 2820; baseline -0.001 -17"><span class='ocrx_word' id='word_1_151' title='bbox 828 2733 991 2819; x_wconf 79' lang='grc' dir='ltr'><strong><em>ὄναρ</em></strong></span> <span class='ocrx_word' id='word_1_152' title='bbox 1026 2735 1284 2820; x_wconf 79' lang='grc' dir='ltr'><strong><em>ἐπέστη,</em></strong></span> <span class='ocrx_word' id='word_1_153' title='bbox 1329 2734 1544 2819; x_wconf 79' lang='grc' dir='ltr'><strong><em>λέγων</em></strong></span> <span class='ocrx_word' id='word_1_154' title='bbox 1589 2731 1690 2803; x_wconf 78' lang='grc' dir='ltr'><strong><em>ὅτι</em></strong></span> <span class='ocrx_word' id='word_1_155' title='bbox 1738 2731 1821 2813; x_wconf 78' lang='grc' dir='ltr'><strong><em>ὡς</em></strong></span> <span class='ocrx_word' id='word_1_156' title='bbox 1866 2733 1951 2801; x_wconf 88' lang='grc' dir='ltr'><strong><em>σὺ</em></strong></span> <span class='ocrx_word' id='word_1_157' title='bbox 1992 2733 2114 2802; x_wconf 89' lang='grc' dir='ltr'><strong><em>τὸν</em></strong></span> <span class='ocrx_word' id='word_1_158' title='bbox 2146 2733 2447 2819; x_wconf 83' lang='grc' dir='ltr'><strong><em>ἀδελφὸν</em></strong></span> <span class='ocrx_word' id='word_1_159' title='bbox 2492 2731 2910 2814; x_wconf 83' lang='grc' dir='ltr'><strong><em>ἀπέκτεινας,</em></strong></span> 
     </span>
     <span class='ocr_line' id='line_1_23' title="bbox 829 2842 2223 2933; baseline -0.004 -18"><span class='ocrx_word' id='word_1_160' title='bbox 829 2849 940 2915; x_wconf 86' lang='grc' dir='ltr'><strong><em>καὶ</em></strong></span> <span class='ocrx_word' id='word_1_161' title='bbox 988 2846 1122 2933; x_wconf 72' lang='grc' dir='ltr'><strong><em>ἐγὼ</em></strong></span> <span class='ocrx_word' id='word_1_162' title='bbox 1164 2848 1233 2913; x_wconf 77' lang='grc' dir='ltr'><strong><em>σε</em></strong></span> <span class='ocrx_word' id='word_1_163' title='bbox 1278 2842 1648 2931; x_wconf 81' lang='grc' dir='ltr'><strong><em>ἀποσφάξω</em></strong></span> <span class='ocrx_word' id='word_1_164' title='bbox 1697 2846 1875 2928; x_wconf 89' lang='lat' dir='ltr'>(Zon.</span> <span class='ocrx_word' id='word_1_165' title='bbox 1924 2846 2064 2910; x_wconf 89' lang='lat' dir='ltr'><strong>XII.</strong></span> <span class='ocrx_word' id='word_1_166' title='bbox 2122 2848 2223 2930; x_wconf 86' lang='lat'><strong><em>12)</em></strong></span> 
     </span>
    </p>

    <p class='ocr_par' dir='ltr' id='par_1_7' title="bbox 829 2955 2922 3497">
     <span class='ocr_line' id='line_1_24' title="bbox 931 2955 2922 3048; baseline 0.001 -25"><span class='ocrx_word' id='word_1_167' title='bbox 931 2961 1015 3025; x_wconf 90' lang='lat' dir='ltr'><strong><em>ib.</em></strong></span> <span class='ocrx_word' id='word_1_168' title='bbox 1085 2965 1140 3026; x_wconf 89' lang='lat'><strong><em>7.</em></strong></span> <span class='ocrx_word' id='word_1_169' title='bbox 1202 2965 1258 3022; x_wconf 84' lang='lat'><strong><em>2.</em></strong></span> <span class='ocrx_word' id='word_1_170' title='bbox 1347 2959 1459 3025; x_wconf 87' lang='grc' dir='ltr'><strong><em>καὶ</em></strong></span> <span class='ocrx_word' id='word_1_171' title='bbox 1520 2961 1586 3025; x_wconf 85' lang='grc' dir='ltr'><strong><em>οἱ</em></strong></span> <span class='ocrx_word' id='word_1_172' title='bbox 1643 2956 1910 3044; x_wconf 78' lang='grc' dir='ltr'><strong><em>μάντεις</em></strong></span> <span class='ocrx_word' id='word_1_173' title='bbox 1972 2956 2163 3025; x_wconf 85' lang='grc' dir='ltr'><strong><em>εἶπον</em></strong></span> <span class='ocrx_word' id='word_1_174' title='bbox 2232 2955 2415 3048; x_wconf 75' lang='grc' dir='ltr'><strong><em>αὐτῷ</em></strong></span> <span class='ocrx_word' id='word_1_175' title='bbox 2477 2957 2601 3046; x_wconf 83' lang='grc' dir='ltr'><strong><em>τὴν</em></strong></span> <span class='ocrx_word' id='word_1_176' title='bbox 2659 2957 2922 3045; x_wconf 76' lang='grc' dir='ltr'><strong><em>ἡμέραν</em></strong></span> 
     </span>
     <span class='ocr_line' id='line_1_25' title="bbox 829 3067 2918 3161; baseline -0.002 -21"><span class='ocrx_word' id='word_1_177' title='bbox 829 3074 1093 3158; x_wconf 77' lang='grc' dir='ltr'><strong><em>ἐκείνην</em></strong></span> <span class='ocrx_word' id='word_1_178' title='bbox 1139 3069 1634 3157; x_wconf 89' lang='grc' dir='ltr'><strong><em>φυλάττεσθαι,</em></strong></span> <span class='ocrx_word' id='word_1_179' title='bbox 1694 3068 1913 3161; x_wconf 77' lang='grc' dir='ltr'><strong><em>τούτῳ</em></strong></span> <span class='ocrx_word' id='word_1_180' title='bbox 1975 3080 2069 3160; x_wconf 81' lang='grc' dir='ltr'><strong><em>τῷ</em></strong></span> <span class='ocrx_word' id='word_1_181' title='bbox 2115 3069 2355 3155; x_wconf 79' lang='grc' dir='ltr'><strong><em>ῥήματι</em></strong></span> <span class='ocrx_word' id='word_1_182' title='bbox 2400 3067 2716 3153; x_wconf 75' lang='grc' dir='ltr'><strong><em>ἄντικρυς</em></strong></span> <span class='ocrx_word' id='word_1_183' title='bbox 2759 3095 2918 3156; x_wconf 87' lang='grc' dir='ltr'><strong><em>χρη-</em></strong></span> 
     </span>
     <span class='ocr_line' id='line_1_26' title="bbox 829 3179 2919 3271; baseline -0.001 -20"><span class='ocrx_word' id='word_1_184' title='bbox 829 3184 1124 3271; x_wconf 90' lang='grc' dir='ltr'><strong><em>σάμενοι,</em></strong></span> <span class='ocrx_word' id='word_1_185' title='bbox 1168 3181 1269 3251; x_wconf 81' lang='grc' dir='ltr'><strong><em>ὅτι</em></strong></span> <span class='ocrx_word' id='word_1_186' title='bbox 1301 3186 1371 3250; x_wconf 82' lang='grc' dir='ltr'><strong><em>αἱ</em></strong></span> <span class='ocrx_word' id='word_1_187' title='bbox 1404 3190 1529 3250; x_wconf 86' lang='grc' dir='ltr'><strong><em>τοῦ</em></strong></span> <span class='ocrx_word' id='word_1_188' title='bbox 1574 3179 1824 3267; x_wconf 76' lang='grc' dir='ltr'><strong><em>ἥπατος</em></strong></span> <span class='ocrx_word' id='word_1_189' title='bbox 1864 3191 1990 3248; x_wconf 85' lang='grc' dir='ltr'><strong><em>τοῦ</em></strong></span> <span class='ocrx_word' id='word_1_190' title='bbox 2035 3185 2284 3268; x_wconf 81' lang='grc' dir='ltr'><strong><em>ἱερείου</em></strong></span> <span class='ocrx_word' id='word_1_191' title='bbox 2316 3181 2518 3248; x_wconf 84' lang='grc' dir='ltr'><strong><em>πύλαι</em></strong></span> <span class='ocrx_word' id='word_1_192' title='bbox 2546 3182 2919 3249; x_wconf 88' lang='grc' dir='ltr'><strong><em>κέκλεινται</em></strong></span> 
     </span>
     <span class='ocr_line' id='line_1_27' title="bbox 830 3290 2921 3384; baseline 0 -24"><span class='ocrx_word' id='word_1_193' title='bbox 830 3299 1008 3381; x_wconf 89' lang='lat' dir='ltr'>(Zon.</span> <span class='ocrx_word' id='word_1_194' title='bbox 1046 3296 1189 3360; x_wconf 91' lang='lat' dir='ltr'><strong>XII.</strong></span> <span class='ocrx_word' id='word_1_195' title='bbox 1221 3300 1331 3375; x_wconf 81' lang='lat'><strong><em>123</em></strong></span> <span class='ocrx_word' id='word_1_196' title='bbox 1527 3296 1639 3362; x_wconf 90' lang='grc' dir='ltr'><strong><em>καὶ</em></strong></span> <span class='ocrx_word' id='word_1_197' title='bbox 1685 3290 1850 3360; x_wconf 76' lang='grc' dir='ltr'><strong><em>ἄλλα</em></strong></span> <span class='ocrx_word' id='word_1_198' title='bbox 1899 3294 1970 3361; x_wconf 83' lang='grc' dir='ltr'><strong><em>δέ</em></strong></span> <span class='ocrx_word' id='word_1_199' title='bbox 2006 3311 2172 3380; x_wconf 89' lang='grc' dir='ltr'><strong><em>φασι</em></strong></span> <span class='ocrx_word' id='word_1_200' title='bbox 2215 3303 2341 3361; x_wconf 85' lang='grc' dir='ltr'><strong><em>τοῦ</em></strong></span> <span class='ocrx_word' id='word_1_201' title='bbox 2386 3290 2678 3380; x_wconf 79' lang='grc' dir='ltr'><strong><em>ὀλέθρου</em></strong></span> <span class='ocrx_word' id='word_1_202' title='bbox 2723 3290 2921 3384; x_wconf 59' lang='grc' dir='ltr'><strong><em>αὐτῷ</em></strong></span> 
     </span>
     <span class='ocr_line' id='line_1_28' title="bbox 830 3406 1552 3497; baseline -0.004 -22"><span class='ocrx_word' id='word_1_203' title='bbox 830 3414 1165 3497; x_wconf 83' lang='grc' dir='ltr'><strong><em>συμβῆναι</em></strong></span> <span class='ocrx_word' id='word_1_204' title='bbox 1205 3406 1552 3492; x_wconf 87' lang='grc' dir='ltr'><strong><em>τεκμήρια)</em></strong></span> 
     </span>
    </p>

    <p class='ocr_par' dir='ltr' id='par_1_8' title="bbox 829 3509 2925 3942">
     <span class='ocr_line' id='line_1_29' title="bbox 935 3509 2918 3604; baseline 0.001 -19"><span class='ocrx_word' id='word_1_205' title='bbox 935 3516 1045 3604; x_wconf 81' lang='grc' dir='ltr'><strong><em>ἀφ’</em></strong></span> <span class='ocrx_word' id='word_1_206' title='bbox 1101 3509 1185 3585; x_wconf 80' lang='grc' dir='ltr'><strong><em>οὗ</em></strong></span> <span class='ocrx_word' id='word_1_207' title='bbox 1231 3517 1315 3604; x_wconf 81' lang='grc' dir='ltr'><strong><em>δὴ</em></strong></span> <span class='ocrx_word' id='word_1_208' title='bbox 1360 3520 1471 3585; x_wconf 90' lang='grc' dir='ltr'><strong><em>καὶ</em></strong></span> <span class='ocrx_word' id='word_1_209' title='bbox 1515 3517 1627 3584; x_wconf 81' lang='grc' dir='ltr'><strong><em>διὰ</em></strong></span> <span class='ocrx_word' id='word_1_210' title='bbox 1672 3518 1889 3602; x_wconf 79' lang='grc' dir='ltr'><strong><em>θύρας</em></strong></span> <span class='ocrx_word' id='word_1_211' title='bbox 1933 3517 2115 3597; x_wconf 88' lang='grc' dir='ltr'><strong><em>τινὸς</em></strong></span> <span class='ocrx_word' id='word_1_212' title='bbox 2160 3518 2433 3603; x_wconf 78' lang='grc' dir='ltr'><strong><em>ἐξῆλθε,</em></strong></span> <span class='ocrx_word' id='word_1_213' title='bbox 2487 3519 2697 3604; x_wconf 78' lang='grc' dir='ltr'><strong><em>μηδὲν</em></strong></span> <span class='ocrx_word' id='word_1_214' title='bbox 2744 3520 2918 3604; x_wconf 78' lang='grc' dir='ltr'><strong><em>μηδὲ</em></strong></span> 
     </span>
     <span class='ocr_line' id='line_1_30' title="bbox 829 3626 2921 3716; baseline -0.001 -16"><span class='ocrx_word' id='word_1_215' title='bbox 829 3641 949 3700; x_wconf 72' lang='grc' dir='ltr'><strong><em>τοί</em></strong></span> <span class='ocrx_word' id='word_1_216' title='bbox 995 3632 1287 3710; x_wconf 82' lang='grc' dir='ltr'><strong><em>λέοντος,</em></strong></span> <span class='ocrx_word' id='word_1_217' title='bbox 1329 3627 1411 3698; x_wconf 83' lang='grc' dir='ltr'><strong><em>ὃν</em></strong></span> <span class='ocrx_word' id='word_1_218' title='bbox 1456 3632 1566 3697; x_wconf 84' lang='grc' dir='ltr'><strong><em>καὶ</em></strong></span> <span class='ocrx_word' id='word_1_219' title='bbox 1593 3627 1940 3716; x_wconf 76' lang='grc' dir='ltr'><strong><em>Ἀκινάκην</em></strong></span> <span class='ocrx_word' id='word_1_220' title='bbox 1979 3626 2269 3716; x_wconf 81' lang='grc' dir='ltr'><strong><em>ὠνόμαζε</em></strong></span> <span class='ocrx_word' id='word_1_221' title='bbox 2311 3635 2421 3696; x_wconf 83' lang='grc' dir='ltr'><strong><em>καὶ</em></strong></span> <span class='ocrx_word' id='word_1_222' title='bbox 2457 3628 2921 3716; x_wconf 82' lang='grc' dir='ltr'><strong><em>ὁμοτράπεζον</em></strong></span> 
     </span>
     <span class='ocr_line' id='line_1_31' title="bbox 833 3739 2922 3831; baseline -0.002 -19"><span class='ocrx_word' id='word_1_223' title='bbox 833 3742 1194 3831; x_wconf 84' lang='grc' dir='ltr'><strong><em>ὁμόκλινόν</em></strong></span> <span class='ocrx_word' id='word_1_224' title='bbox 1252 3768 1321 3810; x_wconf 89' lang='grc' dir='ltr'><strong><em>τε</em></strong></span> <span class='ocrx_word' id='word_1_225' title='bbox 1384 3743 1704 3823; x_wconf 87' lang='grc' dir='ltr'><strong><em>έποιεῖτο,</em></strong></span> <span class='ocrx_word' id='word_1_226' title='bbox 1776 3745 2162 3828; x_wconf 85' lang='grc' dir='ltr'><strong><em>φροντίσας,</em></strong></span> <span class='ocrx_word' id='word_1_227' title='bbox 2232 3739 2336 3809; x_wconf 81' lang='grc' dir='ltr'><strong><em>ὅτι</em></strong></span> <span class='ocrx_word' id='word_1_228' title='bbox 2399 3744 2509 3808; x_wconf 88' lang='grc' dir='ltr'><strong><em>καὶ</em></strong></span> <span class='ocrx_word' id='word_1_229' title='bbox 2550 3740 2922 3829; x_wconf 80' lang='grc' dir='ltr'><strong><em>ἐκράτησεν</em></strong></span> 
     </span>
     <span class='ocr_line' id='line_1_32' title="bbox 830 3850 2925 3942; baseline -0.001 -19"><span class='ocrx_word' id='word_1_230' title='bbox 830 3854 1043 3924; x_wconf 84' lang='grc' dir='ltr'><strong><em>αὐτὸν</em></strong></span> <span class='ocrx_word' id='word_1_231' title='bbox 1091 3854 1347 3935; x_wconf 76' lang='grc' dir='ltr'><strong><em>ἐξιόντα</em></strong></span> <span class='ocrx_word' id='word_1_232' title='bbox 1408 3856 1520 3922; x_wconf 86' lang='grc' dir='ltr'><strong><em>καὶ</em></strong></span> <span class='ocrx_word' id='word_1_233' title='bbox 1582 3853 1707 3942; x_wconf 82' lang='grc' dir='ltr'><strong><em>τὴν</em></strong></span> <span class='ocrx_word' id='word_1_234' title='bbox 1752 3854 2003 3940; x_wconf 80' lang='grc' dir='ltr'><strong><em>ἐσθῆτα</em></strong></span> <span class='ocrx_word' id='word_1_235' title='bbox 2069 3850 2283 3921; x_wconf 89' lang='grc' dir='ltr'><strong><em>αὐτόυ</em></strong></span> <span class='ocrx_word' id='word_1_236' title='bbox 2343 3853 2925 3941; x_wconf 80' lang='grc' dir='ltr'><strong><em>προςκατέρρηξεν</em></strong></span> 
     </span>
    </p>

    <p class='ocr_par' dir='ltr' id='par_1_9' title="bbox 831 3962 2932 4501">
     <span class='ocr_line' id='line_1_33' title="bbox 933 3962 2926 4052; baseline 0 -19"><span class='ocrx_word' id='word_1_237' title='bbox 933 3969 1020 4033; x_wconf 86' lang='lat' dir='ltr'><strong><em>ib.</em></strong></span> <span class='ocrx_word' id='word_1_238' title='bbox 1072 3973 1127 4030; x_wconf 88' lang='lat'><strong><em>7.</em></strong></span> <span class='ocrx_word' id='word_1_239' title='bbox 1178 3972 1234 4047; x_wconf 86' lang='lat'><strong><em>3,</em></strong></span> <span class='ocrx_word' id='word_1_240' title='bbox 1280 3972 1337 4030; x_wconf 88' lang='grc'><strong><em>4.</em></strong></span> <span class='ocrx_word' id='word_1_241' title='bbox 1427 3969 1537 4033; x_wconf 85' lang='grc' dir='ltr'><strong><em>καὶ</em></strong></span> <span class='ocrx_word' id='word_1_242' title='bbox 1585 3963 1817 4052; x_wconf 80' lang='grc' dir='ltr'><strong><em>ὀλίγον</em></strong></span> <span class='ocrx_word' id='word_1_243' title='bbox 1873 3963 2003 4049; x_wconf 89' lang='grc' dir='ltr'><strong><em>πρὸ</em></strong></span> <span class='ocrx_word' id='word_1_244' title='bbox 2051 3975 2177 4033; x_wconf 86' lang='grc' dir='ltr'><strong><em>τοῦ</em></strong></span> <span class='ocrx_word' id='word_1_245' title='bbox 2222 3965 2532 4042; x_wconf 86' lang='grc' dir='ltr'><strong><em>θανάτου</em></strong></span> <span class='ocrx_word' id='word_1_246' title='bbox 2578 3962 2800 4033; x_wconf 84' lang='grc' dir='ltr'><strong><em>αὐτοῦ</em></strong></span> <span class='ocrx_word' id='word_1_247' title='bbox 2847 3967 2926 4033; x_wconf 74' lang='grc' dir='ltr'><strong><em>ἕν</em></strong></span> 
     </span>
     <span class='ocr_line' id='line_1_34' title="bbox 831 4074 2926 4169; baseline -0 -23"><span class='ocrx_word' id='word_1_248' title='bbox 831 4106 901 4147; x_wconf 87' lang='grc' dir='ltr'><strong><em>τε</em></strong></span> <span class='ocrx_word' id='word_1_249' title='bbox 948 4089 1031 4169; x_wconf 81' lang='grc' dir='ltr'><strong><em>τῇ</em></strong></span> <span class='ocrx_word' id='word_1_250' title='bbox 1057 4076 1504 4169; x_wconf 79' lang='grc' dir='ltr'><strong><em>Ἀλεξανδρεία</em></strong></span> <span class='ocrx_word' id='word_1_251' title='bbox 1546 4088 1681 4162; x_wconf 85' lang='grc' dir='ltr'><strong><em>πῦρ</em></strong></span> <span class='ocrx_word' id='word_1_252' title='bbox 1725 4079 2043 4164; x_wconf 81' lang='grc' dir='ltr'><strong><em>ἐξαίφνης</em></strong></span> <span class='ocrx_word' id='word_1_253' title='bbox 2078 4077 2273 4158; x_wconf 87' lang='grc' dir='ltr'><strong><em>πολύ,</em></strong></span> <span class='ocrx_word' id='word_1_254' title='bbox 2318 4075 2400 4157; x_wconf 76' lang='grc' dir='ltr'><strong><em>ὥς</em></strong></span> <span class='ocrx_word' id='word_1_255' title='bbox 2443 4103 2516 4163; x_wconf 81' lang='grc' dir='ltr'><strong><em>γε</em></strong></span> <span class='ocrx_word' id='word_1_256' title='bbox 2562 4078 2674 4144; x_wconf 89' lang='grc' dir='ltr'><strong><em>καὶ</em></strong></span> <span class='ocrx_word' id='word_1_257' title='bbox 2719 4074 2926 4163; x_wconf 80' lang='grc' dir='ltr'><strong><em>ἥκου-</em></strong></span> 
     </span>
     <span class='ocr_line' id='line_1_35' title="bbox 832 4188 2930 4276; baseline 0 -17"><span class='ocrx_word' id='word_1_258' title='bbox 832 4211 935 4273; x_wconf 89' lang='grc' dir='ltr'><strong><em>σα,</em></strong></span> <span class='ocrx_word' id='word_1_259' title='bbox 982 4191 1198 4259; x_wconf 90' lang='grc' dir='ltr'><strong><em>πάντα</em></strong></span> <span class='ocrx_word' id='word_1_260' title='bbox 1240 4189 1363 4259; x_wconf 91' lang='grc' dir='ltr'><strong><em>τὸν</em></strong></span> <span class='ocrx_word' id='word_1_261' title='bbox 1408 4200 1532 4258; x_wconf 88' lang='grc' dir='ltr'><strong><em>τοῦ</em></strong></span> <span class='ocrx_word' id='word_1_262' title='bbox 1580 4189 1967 4276; x_wconf 88' lang='grc' dir='ltr'><strong><em>Σαράπιδος</em></strong></span> <span class='ocrx_word' id='word_1_263' title='bbox 2018 4188 2188 4257; x_wconf 92' lang='grc' dir='ltr'><strong><em>ναὸν</em></strong></span> <span class='ocrx_word' id='word_1_264' title='bbox 2247 4190 2533 4258; x_wconf 75' lang='grc' dir='ltr'><strong><em>ἔνδοθεν</em></strong></span> <span class='ocrx_word' id='word_1_265' title='bbox 2579 4189 2930 4276; x_wconf 87' lang='grc' dir='ltr'><strong><em>κατασχὸν</em></strong></span> 
     </span>
     <span class='ocr_line' id='line_1_36' title="bbox 832 4299 2932 4390; baseline 0 -19"><span class='ocrx_word' id='word_1_266' title='bbox 832 4302 992 4371; x_wconf 74' lang='grc' dir='ltr'><strong><em>ἄλλο</em></strong></span> <span class='ocrx_word' id='word_1_267' title='bbox 1037 4306 1160 4390; x_wconf 78' lang='grc' dir='ltr'><strong><em>μὲν</em></strong></span> <span class='ocrx_word' id='word_1_268' title='bbox 1205 4299 1408 4371; x_wconf 79' lang='grc' dir='ltr'><strong><em>οὐδὲν</em></strong></span> <span class='ocrx_word' id='word_1_269' title='bbox 1454 4300 1532 4371; x_wconf 88' lang='grc' dir='ltr'><strong><em>τὸ</em></strong></span> <span class='ocrx_word' id='word_1_270' title='bbox 1568 4300 1886 4387; x_wconf 86' lang='grc' dir='ltr'><strong><em>παράπαν</em></strong></span> <span class='ocrx_word' id='word_1_271' title='bbox 1916 4300 2310 4386; x_wconf 80' lang='grc' dir='ltr'><strong><em>ἐλυμήνατο,</em></strong></span> <span class='ocrx_word' id='word_1_272' title='bbox 2355 4301 2432 4369; x_wconf 91' lang='grc' dir='ltr'><strong><em>τὸ</em></strong></span> <span class='ocrx_word' id='word_1_273' title='bbox 2476 4303 2549 4368; x_wconf 79' lang='grc' dir='ltr'><strong><em>δὲ</em></strong></span> <span class='ocrx_word' id='word_1_274' title='bbox 2591 4300 2678 4386; x_wconf 83' lang='grc' dir='ltr'><strong><em>δὴ</em></strong></span> <span class='ocrx_word' id='word_1_275' title='bbox 2723 4305 2932 4388; x_wconf 81' lang='grc' dir='ltr'><strong><em>ξίφος</em></strong></span> 
     </span>
     <span class='ocr_line' id='line_1_37' title="bbox 833 4405 2708 4501; baseline -0.002 -17"><span class='ocrx_word' id='word_1_276' title='bbox 833 4418 1047 4484; x_wconf 81' lang='grc' dir='ltr'><strong><em>έκεῖνο</em></strong></span> <span class='ocrx_word' id='word_1_277' title='bbox 1097 4405 1155 4501; x_wconf 72' lang='grc' dir='ltr'><em>ᾧ</em></span> <span class='ocrx_word' id='word_1_278' title='bbox 1197 4414 1319 4482; x_wconf 88' lang='grc' dir='ltr'><strong><em>τὸν</em></strong></span> <span class='ocrx_word' id='word_1_279' title='bbox 1361 4412 1662 4499; x_wconf 82' lang='grc' dir='ltr'><strong><em>ἀδελφὸν</em></strong></span> <span class='ocrx_word' id='word_1_280' title='bbox 1710 4410 2081 4499; x_wconf 83' lang='grc' dir='ltr'><strong><em>ἀπεσφάκει</em></strong></span> <span class='ocrx_word' id='word_1_281' title='bbox 2122 4414 2336 4499; x_wconf 89' lang='grc' dir='ltr'><strong><em>μόνον</em></strong></span> <span class='ocrx_word' id='word_1_282' title='bbox 2386 4414 2708 4499; x_wconf 75' lang='grc' dir='ltr'><strong><em>ἔφθειρεν</em></strong></span> 
     </span>
    </p>
   </div>
   <div class='ocr_carea' id='block_1_2' title="bbox 3152 3983 3159 4510">
    <p class='ocr_par' dir='ltr' id='par_1_10' title="bbox 3152 3983 3159 4510">
     <span class='ocr_line' id='line_1_38' title="bbox 3152 3983 3159 4510; baseline 0 0"><span class='ocrx_word' id='word_1_283' title='bbox 3152 3983 3159 4510; x_wconf 95' lang='lat' dir='ltr'><strong><em> </em></strong></span> 
     </span>
    </p>
   </div>
  </div>
 </body>
</html>
