3167 5067
1537 352 1963 413 -3g‚.

875 519 1119 595 evenit,
1166 524 1239 582 ut
1280 520 1625 601 repentina
1665 523 2056 602 tempestate
2102 518 2353 582 deiecto
2400 517 2652 595 funere,
2703 512 2949 581 semus-

873 635 1011 714 tum
1058 630 1339 694 cadaver
1383 630 1832 715 discerperent
1878 636 2112 695 canes“

565 743 718 828 (Dio
765 743 882 826 Ep.
928 741 1184 807 LXVII.
1241 748 1335 807 16.
1388 747 1457 823 33
1500 742 1651 807 Zon.
1699 742 1807 808 XI.
1859 748 1971 823 19;
2020 741 2532 806 Ascletarionem
2577 741 2951 806 Domitiano

562 859 837 920 mortem
871 853 1277 937 praedixisse
1328 854 1676 919 Suetonius
1720 875 1846 918 non
1883 854 2062 934 dicit,
2107 854 2222 918 sed
2253 841 2420 918 rem‘
2442 854 2537 917 ita
2584 874 2652 917 se
2702 852 2948 916 habere

564 972 632 1031 et
673 987 754 1030 ex
794 965 1089 1055 Suetonii
1135 966 1512 1030 narratione
1572 966 1788 1050 elucet
1832 971 1899 1031 et
1942 986 2021 1030 ex
2069 966 2293 1030 Dionis
2338 965 2761 1047 Zonaraeque
2805 985 2945 1028 ver-

562 1078 664 1143 bis
711 1078 885 1143 clare
927 1077 1353 1162 perspicitur)
2831 1079 2835 1083 ’

979 1191 1154 1256 Suet.
1209 1191 1393 1255 Dom.
1460 1196 1556 1255 16.
1648 1192 1863 1270 „circa
1909 1190 2191 1255 mediam
2252 1196 2507 1254 noctem
2570 1192 2950 1273 (antequam

872 1303 1378 1387 interficeretur)
1421 1303 1517 1367 ita
1562 1308 1663 1368 est
1706 1304 2078 1382 exterritus,
2124 1308 2198 1367 ut
2248 1324 2282 1367 e
2325 1308 2534 1368 strato
2577 1301 2948 1387 prosiliret“

978 1413 1427 1498 „haruspicem
1476 1436 1556 1479 ex
1595 1415 1956 1480 Germania
1992 1416 2278 1495 missum,
2320 1416 2435 1497 qui
2489 1414 2820 1480 consultus
2866 1413 2949 1477 de

873 1526 1132 1609 fulgure
1192 1527 1620 1591 mutationem
1691 1549 1910 1592 rerum
1965 1527 2388 1610 praedixerat
2446 1576 2500 1591 ..
2526 1533 2580 1590 .“

563 1640 715 1722 (Dio
763 1639 878 1722 Ep.
927 1638 1182 1703 LXVII.
1235 1643 1331 1702 16.
1381 1644 1450 1719 2;
1510 1639 1662 1703 Zon.
1710 1639 1818 1703 XI.
1870 1645 1980 1719 193
2043 1639 2166 1705 Dio
2223 1644 2289 1703 et
2341 1639 2629 1704 Zonaras
2676 1642 2952 1702 narrant

562 1751 923 1833 Longinum
969 1750 1316 1815 Proculum
1340 1801 1354 1830 ,
1424 1751 1536 1833 qui
1595 1751 1662 1814 in
1708 1751 2059 1816 Germania
2120 1752 2290 1816 diem
2350 1771 2478 1834 quo
2538 1750 2947 1815 Domitianus

567 1862 865 1928 obiturus
911 1867 1110 1940 esset,
1170 1862 1638 1946 praedixisset,
1698 1883 1845 1927 cum
1901 1864 2171 1928 Romam
2217 1862 2540 1928 abductus
2588 1867 2791 1941 esset,
2853 1861 2949 1925 ibi

562 1974 734 2040 idem
781 1973 1192 2039 contendisse
1240 1979 1439 2057 atque
1491 1980 1922 2054 asservatum,
1982 1980 2057 2040 ut
2098 1981 2248 2060 post
2292 1975 2464 2040 diem
2483 2025 2497 2054 ,
2553 1995 2682 2057 quo
2728 1974 2946 2038 Domi-

560 2086 810 2151 tianum
858 2086 1222 2169 periturum
1265 2107 1407 2151 esse
1458 2071 2053 2171 praenuntiavisset
2071 2137 2086 2167 ,
2137 2093 2515 2166 necaretur,
2566 2086 2937 2151 Domitiano

560 2198 674 2263 illo
721 2197 825 2263 die
858 2198 1204 2263 interfecto
1239 2219 1273 2263 e
1318 2197 1609 2282 periculo
1656 2199 1972 2280 evasisse3'
2018 2220 2414 2281 quamquam
2453 2199 2624 2263 inter
2687 2219 2757 2262 se
2817 2196 2947 2261 dis·

563 2309 852 2374 sentiunt
927 2309 1337 2392 aliquantum
1409 2309 1757 2378 Suetonius
1826 2316 1892 2375 et
1951 2311 2073 2375 Dio
2095 2361 2110 2391 ,
2172 2299 2393 2376 tamen
2462 2301 2731 2375 eandem
2808 2331 2944 2373 rem

561 2421 722 2489 mihi
764 2420 1067 2486 videntur
1110 2424 1476 2506 tractasse).

734 2532 1131 2601 ‘Praeterea
1164 2524 1486 2599 nonnulla
1520 2540 1784 2601 exstant
1828 2536 2072 2614 omina,
2120 2555 2289 2618 quae
2333 2534 2525 2599 modo
2572 2534 2748 2618 apud
2796 2533 2944 2597 Dio-

562 2666 709 2709 nem
749 2649 815 2709 et
856 2645 1180 2710 Zonaram
1221 2647 1675 2711 inveniuntur:

977 2757 1100 2821 Dio
1162 2758 1418 2822 LXVII.
1484 2764 1581 2823 16.
1631 2761 1744 2823 1>
1774 2757 1939 2827 ἄλλα
2000 2786 2070 2827 τε
2125 2757 2311 2848 αὐτῷ
2364 2769 2601 2846 σημεῖα
2663 2757 2945 2845 ἐγένετο,

754 2895 759 2899 ’
871 2870 978 2936 καὶ
1027 2865 1229 2950 αὐτὸς
1272 2871 1346 2937 ἐν
1390 2853 1484 2962 τῷ
1527 2868 1720 2961 ὕπνῳ
1766 2870 1889 2941 τόν
1933 2897 2001 2939 τε
2032 2869 2423 2940 Ῥούστικον
2467 2874 2645 2957 ξίφει
2689 2871 2944 2957 προσιέ-

872 3008 984 3049 ναι
1029 2984 1095 3049 οἱ
1134 3035 1147 3050 .
1179 3031 1235 3049 ..
1284 2982 1511 3063 ἔδοξεν

975 3094 1099 3158 Dio
1142 3093 1229 3159 ib.
1283 3099 1377 3160 18.
1417 3100 1471 3173 1,
1523 3099 1578 3177 2.
1648 3092 2082 3176 Ἀπολλώνιός
2128 3122 2225 3175 τις
2278 3095 2577 3177 Τυανεὺς
2621 3097 2695 3164 ἔν
2750 3123 2821 3165 τε
2868 3105 2944 3186 τῇ

872 3203 1080 3296 ἡμέρᾳ
1129 3206 1348 3293 ἐκείνῃ
1392 3209 1504 3274 καὶ
1549 3216 1632 3297 τῇ
1687 3206 1824 3299 ὥρᾳ
1868 3205 2038 3298 αὐτῇ
2086 3209 2304 3295 ἐκείνῃ
2351 3210 2426 3280 ,ἐν
2471 3199 2511 3298 ᾖ
2560 3206 2596 3278 ὁ
2631 3217 2944 3295 Δομιτια-

872 3317 987 3397 νὸς
1029 3317 1426 3404 ἐσφάττετο,
1474 3372 1488 3387 .
1520 3372 1532 3387 .
1564 3372 1577 3387 .
1627 3316 1878 3407 ἀναβὰς
1942 3322 2050 3389 ἐπί
2104 3346 2254 3388 τινα
2305 3325 2507 3388 λίθον
2563 3318 2833 3407 ὑψηλὸν
2862 3316 2946 3388 ’ἐν

863 3425 1120 3517 Ἐφέσῳ
1182 3483 1195 3497 .
1224 3480 1285 3497 ..
1348 3432 1460 3497 καὶ
1540 3432 1949 3518 συγκαλέσας
2010 3431 2088 3500 τὸ
2158 3439 2421 3519 πλῆθος
2484 3442 2697 3499 ταῦτα
2764 3431 2946 3500 εἶπεν

870 3546 1107 3620 (καλῶς
1162 3541 1500 3627 Στέφανε,
1564 3532 1715 3629 εὖγε
1771 3544 2113 3630 Στέφανε·
2177 3553 2328 3611 παῖε
2383 3543 2505 3612 τὸν
2561 3543 2944 3631 μιαιφόνον.

873 3653 1172 3739 ἔπληξας,
1216 3653 1526 3738 ἔτρωσας,
1570 3651 1978 3736 ἀπέκτεινας’

561 3767 741 3853 (Zon.
789 3766 898 3830 XI.
948 3771 1059 3846 19;
1112 3786 1153 3829 a
1197 3763 1530 3850 Stephano
1578 3766 1863 3849 quodam
1907 3768 2318 3832 Domitianus
2366 3769 2616 3832 occisus
2662 3769 2807 3851 est).

767 3878 1177 3943 Domitianus
1202 3879 1362 3961 ipse,
1400 3883 1753 3961 antequam
1785 3879 2210 3958 occideretur,
2241 3880 2529 3944 infausta
2564 3880 2783 3943 omina
2825 3880 2950 3945 sibi

561 3989 796 4054 fecisse
845 3989 1102 4053 dicitur.
1191 3988 1495 4071 Legimus
1542 3990 1720 4073 apud
1767 3990 2176 4062 Suetonium:

977 4101 1159 4165 Dom.
1212 4107 1308 4166 16.
1398 4102 1649 4185 „pridie
1683 4123 1876 4185 quam
1905 4103 2169 4185 periret,
2217 4125 2361 4167 cum
2396 4103 2651 4168 oblatos
2681 4103 2947 4169 tuberes

872 4213 1120 4278 servari
1180 4214 1481 4279 iussisset
1538 4215 1605 4277 in
1668 4215 2057 4292 crastinum,
2121 4215 2392 4279 adiecit:
2469 4216 2535 4280 Si
2600 4215 2793 4280 modo
2852 4217 2944 4280 uti

870 4326 1203 4391 licuerit!“
