3167 5067
1323 358 1758 418 —43-

760 523 845 586 ib.
895 527 993 587 25.
1042 528 1096 586 3.
1136 529 1193 586 4.
1284 523 1499 601 „venit
1558 529 1627 587 et
1685 523 1766 587 de
1825 523 2160 587 Pannonia
2221 523 2486 605 quidam
2544 530 2729 588 vetus

659 656 893 699 caecus
937 634 1022 698 ad
1054 633 1439 699 febrientem
1469 634 1878 700 Hadrianum
1909 656 2185 718 eumque
2219 635 2551 718 contingit.
2601 657 2729 718 quo

655 746 829 811 facto
868 751 934 811 et
962 747 1103 829 ipse
1136 746 1358 811 oeulos
1385 747 1649 830 recepit,
1678 752 1744 811 et
1770 746 2177 813 Hadrianum
2201 747 2404 814 febris
2426 747 2731 830 reliquitfi‘

560 859 758 941 Signa
802 858 1029 922 mortis
1069 858 1232 923 haee
1278 857 1667 942 Spartianus
1712 858 1936 924 affert:

757 969 844 1034 ib.
891 953 997 1034 26.ι
1025 975 1081 1035 6.
1172 969 1418 1049 „natali
1465 992 1582 1036 suo
1620 971 1877 1051 ultimo,
1925 992 2068 1036 eum
2115 971 2511 1036 Antoninum
2558 991 2729 1035 oom-

656 1082 1013 1160 mendaret,
1055 1087 1403 1165 praetexta
1441 1088 1673 1165 sponte
1718 1082 1987 1166 delapsa
2035 1088 2236 1166 eaput
2279 1084 2339 1147 ei
2383 1082 2680 1167 aperuit“

757 1193 843 1259 ib.
906 1199 1006 1259 26.
1070 1200 1125 1258 7.
1229 1194 1537 1273 ‚,anulus,
1603 1196 1670 1258 in
1734 1216 1864 1278 quo
1928 1196 2145 1278 imago
2207 1195 2412 1278 ipsius
2472 1193 2732 1277 sculpta

658 1312 817 1384 erat,
863 1311 1092 1390 sponte
1138 1306 1217 1370 de
1263 1306 1468 1390 digito
1515 1307 1822 1390 delapsus
1868 1313 2006 1372 est“

757 1418 912 1484 ibid.
956 1423 1054 1484 26.
1103 1424 1162 1483 8.
1253 1425 1444 1499 „ante
1503 1420 1675 1484 diem
1734 1420 1972 1485 natalis
2035 1420 2174 1485 eius
2223 1420 2441 1484 neseio
2489 1419 2598 1501 qui
2645 1418 2731 1482 ad

657 1537 955 1595 senatum
999 1531 1258 1596 ululans
1303 1533 1494 1596 venit.
1538 1538 1768 1596 eontra
1812 1553 2003 1614 quem
2037 1523 2410 1595 Hadrianus
2453 1532 2548 1595 ita
2593 1552 2729 1595 mo÷

657 1649 764 1707 tus
805 1649 905 1707 est
947 1644 1138 1726 quasi
1183 1643 1264 1707 de
1310 1665 1429 1708 sua
1472 1650 1682 1709 morte
1707 1643 2105 1727 loqueretur,
2151 1666 2297 1708 eum
2345 1644 2483 1708 eius
2528 1641 2732 1708 verba

658 1755 872 1820 nullus
918 1761 1341 1838 agnosee1·et“
1986 1749 1989 1752 “

757 1867 844 1931 ib.
893 1872 992 1932 26.
1036 1874 1098 1933 9.
1188 1867 1398 1947 „idem
1440 1889 1584 1932 eum
1633 1867 1829 1932 vellet
1888 1869 1955 1932 in
2012 1873 2244 1933 senatu
2302 1867 2520 1932 dicere
2565 1872 2736 1950 ‘post

655 1979 773 2046 filii
817 1981 946 2044 mei
987 1979 1301 2059 mortem’,
1348 1985 1517 2062 ‘post
1560 1980 1790 2045 meam’
1836 1980 2039 2045 dixit“

758 2091 844 2157 ib.
895 2097 993 2157 26.
1047 2098 1142 2157 10.
1235 2092 1621 2171 „somniavit
1663 2098 2028 2176 praeterea,
2089 2114 2158 2157 se
2203 2113 2244 2156 a
2286 2076 2476 2175 patre
2518 2090 2730 2175 potio-

657 2225 804 2268 nem
830 2203 1277 2288 -soporiferam
1312 2202 1747 2287 'impetrasse“

761 2317 956 2395 „item
1002 2316 1366 2396 somniavit,
1410 2337 1451 2381 a
1493 2316 1682 2380 leone
1730 2338 1800 2382 se
1846 2338 2228 2400 oppressum
2272 2320 2452 2382 essei‘
2497 2305 2518 2329 ’

1233 2516 1530 2581 Helius
1579 2516 1859 2581 Verus

551 2656 960 2737 Quamquam
1023 2653 1250 2718 Helius
1310 2654 1518 2719 Verus
1595 2655 1899 2738 princeps
1975 2652 2201 2736 populi
2262 2652 2536 2715 Romani
2602 2672 2733 2715 non

337 2768 561 2832 faetus
608 2770 737 2844 est„
796 2772 1015 2830 tamen
1037 2817 1051 2845 ,
1112 2788 1258 2830 eum
1305 2765 1389 2831 ab
1446 2766 1782 2831 Hadriano
1829 2765 2071 2830 Caesar
2113 2765 2484 2830 nominatus
2531 2767 2730 2846 atque

339 2880 726 2961 designatus
773 2884 976 2958 esset,
1038 2879 1149 2961 qui
1193 2879 1436 2963 populo
1482 2880 1775 2943 Romano
1820 2878 2205 2961 imperaret,
2249 2876 2408 2941 mihi
2456 2896 2731 2941 comme-

338 2990 733 3056 morandum
782 3012 924 3055 esse
970 2991 1247 3070 videtur,
1295 3013 1464 3074 quae
1508 2991 1725 3055 omina
1772 2990 1831 3054 ei
1875 2989 2262 3054 exstiterint.

552 3104 770 3185 Atque
830 3103 970 3187 ipse
1033 3102 1439 3183 Hadrianus,
1504 3104 1615 3186 qui
1662 3123 1809 3166 eum
1854 3101 2288 3184 adoptaverat
2331 3105 2398 3164 et
2440 3100 2732 3165 futurum

337 3216 705 3301 principem
752 3215 1237 3297 designaverat,
1298 3216 1496 3298 paulo
1557 3220 1710 3299 post
1751 3234 2227 3297 praecognosse
2268 3212 2506 3277 dieitur
2549 3212 2731 3277 illum

339 3328 529 3393 brevi
576 3327 907 3392 obiturum
953 3327 1195 3411 (Spart.
1242 3326 1384 3391 Hel.
1433 3333 1488 3391 3.
1536 3333 1570 3390 7
1600 3327 1786 3409 sqq.).

762 3441 976 3525 Spart.
1040 3438 1180 3503 Hel.
1243 3446 1300 3504 4.
1405 3440 1607 3518 „satis
1681 3443 2029 3523 praeterea
2093 3443 2379 3517 constat,
2455 3437 2733 3502 eundem

659 3552 1122 3635 (Hadrianum)
1169 3552 1250 3616 de
1298 3553 1467 3617 Vero
1512 3572 1710 3635 saepe
1752 3551 2025 3615 dixisse:

221 3757 227 3763 ἢ
344 3666 572 3751 [Verg.
589 3666 745 3729 Aen.
767 3665 872 3729 VI.
891 3665 1065 3749 870]
1113 3665 1473 3730 Ostendent
1492 3664 1687 3728 terris
1705 3663 1878 3728 hune
1892 3668 2148 3728 tantum
2169 3662 2310 3727 fata
2329 3683 2539 3745 neque
2559 3661 2734 3726 ultra

762 3798 905 3841 esse
951 3776 1201 3841 sinent“

763 3888 850 3953 ib.
894 3895 952 3953 4.
1000 3892 1057 3966 2,
1105 3894 1160 3953 3.
1251 3909 1436 3967 „eum
1486 3938 1499 3951 .
1527 3938 1539 3951 .
1567 3938 1580 3950 .
1630 3888 1891 3952 adesset
1941 3908 2108 3952 unus
2152 3906 2232 3949 ex
2275 3885 2586 3950 litteratis
2632 3936 2645 3949 .
2677 3936 2689 3949 .
2717 3937 2730 3950 .

657 4000 979 4083 velletque
1025 4000 1268 4065 addere

764 4163 777 4176 .
804 4163 816 4177 .
846 4162 859 4176 .
904 4113 1173 4190 nimium
1218 4113 1402 4177 vobis
1434 4113 1731 4176 Romana
1761 4133 2052 4195 propago

762 4225 899 4288 visa
940 4230 1192 4307 potens,
1239 4226 1478 4309 superi,
1521 4225 1793 4309 propria
1842 4224 2006 4288 haee
2047 4224 2101 4287 si
2148 4223 2330 4289 dona'
2352 4223 2643 4301 fuissent,

760 4336 1135 4402 Hadrianus
1188 4337 1430 4402 dixisse
1490 4336 1701 4404 fertur
1745 4336 1885 4403 ‘hos
1932 4357 2156 4400 versus
2200 4336 2336 4406 vita
2379 4357 2508 4404 non
2557 4335 2736 4430 capit

659 4448 850 4528 Veri’,
895 4447 1057 4516 illud
1104 4449 1384 4517 addens:
