3167 5067
1 342 4 429 ξ
1274 348 1707 409 —47-

714 515 1038 599 Lamprid.
1084 517 1258 581 Com.
1310 522 1406 581 16.
1455 522 1510 580 6.
1600 517 1826 600 „ipse
1890 523 2168 581 autem
2214 518 2682 601 prodigium

610 649 763 692 non
806 627 986 694 leve
1032 627 1195 693 sibi
1241 628 1490 693 fecit:
1545 614 1697 693 nam
1744 630 2001 694 cumin
2050 629 2433 711 gladiatoris
2478 630 2676 694 occisi

611 740 840 803 vulnus
882 761 1144 805 manum
1189 741 1487 819 misisset,
1534 741 1620 805 ad
1669 746 1868 824 caput
1912 741 2035 806 sibi
2081 742 2390 807 detersit“

713 859 819 930 „et
848 847 1077 917 contra
1106 853 1640 917 consuetudinem
1658 853 2046 936 paenulatos
2070 854 2262 918 iussit
2280 860 2685 937 spectatores

613 984 738 1027 non
757 969 1019 1047 togatos
1051 964 1134 1028 ad
1157 987 1388 1030 munus
1409 966 1769 1044 convenire,
1801 966 1976 1048 quod
2005 965 2387 1031 funebribus
2417 966 2688 1045 solebat,

611 1075 749 1159 ipse
794 1076 861 1139 in
908 1077 1100 1159 pullis
1139 1078 1542 1142 vestimentis
1572 1078 1994 1160 praesidens“
2034 1077 2186 1160 (Dio
2211 1078 2467 1141 LXXII.
2498 1084 2597 1142 21.
2630 1084 2686 1141 3.

613 1185 713 1255 ὅτι
756 1189 1017 1274 μέλλων
1059 1178 1262 1268 αὖθις
1303 1169 1763 1276 μιονομαχῆσαι
1808 1189 2254 1277 παρήγγειλεν
2300 1188 2460 1277 ἡμῖν
2505 1190 2578 1257 ἔν
2618 1194 2685 1259 τε

618 1309 697 1389 τῇ
759 1308 962 1389 στολῇ
1019 1309 1101 1389 τῇ
1163 1301 1401 1368 ἱππάδι
1463 1304 1575 1369 καὶ
1637 1303 1711 1369 ἐν
1767 1312 1911 1382 ταῖς
1968 1302 2297 1389 μανδύαις
2342 1301 2406 1382 ἒς
2451 1302 2527 1369 τὸ
2580 1304 2688 1370 θέ-

615 1438 821 1496 ατρον
865 1411 1201 1492 ἐσελθεῖν,
1263 1410 1424 1498 ὅπερ
1484 1410 1610 1481 οὐκ
1662 1410 1875 1494 ἄλλως
1916 1424 2244 1500 ποιοῦμεν
2291 1413 2579 1494 ἐσιόντες
2626 1415 2690 1493 ἐς

615 1523 692 1591 τὸ
737 1524 1032 1609 θέατρον
1096 1528 1152 1590 εἰ
1212 1523 1306 1610 μὴ
1362 1534 1503 1593 τῶν
1547 1525 2072 1611 αὐτοκρατόρων
2116 1553 2213 1606 τις
2254 1525 2688 1612 μεταλλάξειε.

616 1636 765 1700 Zon.
824 1636 963 1701 XII.
1031 1637 1114 1719 5).

1 1698 4 1841 y
717 1748 804 1813 ib.
850 1754 946 1812 16.
995 1754 1051 1812 7.
1121 1748 1349 1831 „galea
1404 1750 1542 1813 eius
1577 1750 1679 1813 bis
1738 1771 1859 1833 per
1912 1757 2172 1834 portam
2226 1750 2691 1816 Libitinensem

619 1861 793 1923 elata
839 1866 976 1924 est“
1044 1860 1195 1946 (Dio
1240 1862 1327 1927 ib.
1372 1864 1483 1929 καὶ
1531 1859 1633 1929 ὅτι
1692 1863 1766 1929 ἐν
1829 1871 1911 1951 τῇ
1970 1862 2314 1953 τελευταιᾴ
2361 1859 2568 1952 ἡμέρᾳ
2614 1861 2693 1929 τὸ

617 1971 862 2056 κράνος
906 1969 1123 2040 αὐτοῦ
1175 1972 1342 2041 κατὰ
1401 1971 1518 2068 τὰς
1569 1974 1780 2053 πύλας
1822 1970 1972 2041 καθ’
2022 1972 2100 2053 ἃς
2146 1977 2212 2042 οἱ
2254 1981 2694 2052 τελευτῶντες

620 2083 1018 2169 ἐκφέρονται
1065 2084 1477 2172 ἕξεκομίσθη.
1556 2085 1640 2153 ἐκ
1699 2085 1857 2172 γὰρ
1921 2084 2238 2153 τούτων
2279 2087 2421 2153 καὶ
2467 2085 2695 2152 πάνυ

617 2206 822 2263 πᾶσι
863 2197 1196 2276 πάντως
1226 2194 1666 2284 ἀπαλλαγή
1709 2224 1832 2276 τις
1865 2194 2131 2264 αὐτοῦ
2170 2198 2695 2284 γενήσεσθαι

623 2309 1077 2395 ἐνομίζετο.
1136 2309 1288 2374 Zon.
1334 2310 1467 2392 ib.).

1 2402 4 2535 ἱ
517 2421 852 2503 Prodigia,
904 2420 1140 2503 quibus
1185 2422 1389 2500 bella,
1458 2443 1628 2504 quae
1675 2423 1952 2486 Severus
1998 2443 2143 2486 cum
2191 2422 2424 2485 Albino
2474 2428 2539 2485 et
2581 2421 2691 2484 Ni-

1 2542 2 2545 ’
295 2556 419 2617 gro
475 2533 765 2616 gerebat,
813 2532 1386 2611 denuntiabantur,
1434 2533 1516 2596 ob
1565 2555 1709 2597 eam
1751 2556 2015 2597 causam
2058 2536 2337 2598 maxime
2382 2536 2507 2597 hoc
2549 2534 2693 2598 loco

297 2665 777 2723 commemoro,
838 2665 1235 2726 quamquam
1297 2645 1411 2708 illa
1474 2644 1649 2709 bella
1709 2651 1860 2728 post
1921 2633 2282 2710 Pertinacis
2342 2651 2407 2709 et
2461 2646 2695 2710 Iuliani

296 2764 583 2823 mortem
650 2748 906 2821 demum
956 2777 1296 2834 exarsere,
1354 2756 1529 2839 quod
1578 2757 1663 2820 ab
1712 2757 2009 2822 omnibus
2054 2758 2483 2840 scriptoribus
2526 2760 2697 2822 inter

298 2873 527 2954 signa,
606 2889 772 2951 quae
833 2868 1166 2933 Commodi
1240 2874 1512 2933 mortem
1572 2875 2012 2948 antecessere,
2078 2875 2458 2934 enumerata
2521 2876 2694 2935 sunt.

303 2982 738 3046 Inveniuntur
782 2982 971 3045 haec:

726 3094 849 3157 Dio
896 3094 1009 3176 Ep.
1052 3093 1312 3158 LXXII.
1359 3099 1459 3157 24.
1510 3099 1560 3158 l.
1657 3090 1841 3161 ἀετοί
1899 3119 1969 3160 τε
2026 3091 2153 3179 γὰρ
2216 3094 2367 3178 περὶ
2425 3092 2502 3161 τὸ
2564 3102 2695 3161 Κα-

625 3199 946 3273 πιτώλιον
988 3207 1223 3273 πολλοὶ
1270 3208 1379 3273 καὶ
1426 3206 1680 3289 ἔξεδροι
1729 3206 2152 3285 ἐπλανῶντο,
2201 3214 2696 3292 προσεπιφθεγ-
2781 3255 2787 3259 -

623 3316 897 3404 γόμενοι
959 3314 1216 3386 οὐδὲν
1263 3312 1724 3403 εἰρηναῖον
1777 3318 2064 3401 (Lampr.
2108 3317 2281 3381 Com.
2335 3323 2428 3382 16.
2477 3323 2532 3381 2.
2595 3324 2701 3397 „et

627 3435 777 3493 ante
823 3431 1032 3494 lucem
1079 3430 1340 3494 fuerant
1382 3430 1576 3494 etiam
1623 3431 2063 3494 incendiariae
2124 3452 2276 3494 aves
2322 3452 2400 3493 ac
2445 3430 2699 3511 dirae“;

302 3546 389 3608 de
441 3542 668 3606 eodem
717 3542 927 3605 omine
974 3542 1150 3625 apud
1190 3548 1542 3624 utrumque
1592 3543 1698 3625 agi
1744 3543 1899 3607 mihi
1946 3543 2229 3626 videtur)

727 3657 839 3721 καὶ
898 3653 1064 3740 βύας
1109 3651 1214 3721 ἀπ’
1267 3653 1482 3722 αὐτοῦ
1525 3655 1713 3740 ἔβυξε
1780 3655 2065 3739 (Lampr.
2114 3654 2177 3716 C.
2229 3660 2324 3717 16.
2375 3662 2429 3718 5.
2487 3653 2702 3732 „bubo

566 3811 570 3815 Δ
629 3767 820 3830 etiam
873 3788 1072 3849 supra
1121 3766 1488 3830 cubiculum
1548 3767 1688 3830 cius
1751 3766 2158 3849 deprehensa
2218 3771 2317 3829 est
2375 3771 2510 3830 tam
2573 3767 2698 3829 Ro-

625 3900 767 3942 mae
814 3899 1005 3960 quam
1058 3878 1396 3959 Lanuvii“;

299 3993 482 4072 idem
547 3990 701 4053 mihi
767 3991 1022 4054 videtur
1087 4011 1307 4070 omen3
1366 3990 1621 4071 signum
1679 3989 1997 4055 bellorum
2058 3989 2502 4054 existimatum
2561 4010 2702 4054 esse

294 4104 459 4169 inde
509 4101 739 4181 elucet,
786 4102 961 4184 quod
1008 4124 1048 4165 a
1089 4102 1289 4165 Dione
1334 4102 1507 4165 inter
1535 4103 1723 4184 signa
1754 4102 2072 4167 bellorum
2126 4103 2699 4185 commemoratur)

728 4216 849 4278 Dio
894 4214 980 4278 ib.
1015 4219 1113 4277 24.
1168 4220 1219 4292 l,
1266 4219 1322 4292 2,
1370 4222 1425 4277 3.
1515 4223 1651 4298 πῦρ
1697 4240 1767 4281 τε
1812 4213 2077 4298 νύκτωρ
2122 4210 2337 4297 ἀρθὲν
2382 4214 2447 4293 ἐξ
2489 4216 2702 4293 οἰκίας
2757 4237 2773 4251 ·

625 4325 803 4406 τινὸς
852 4327 961 4394 καὶ
1007 4327 1071 4403 ἐς
1115 4323 1191 4392 τὸ
1238 4329 1611 4411 Εἰρηναῖον
1653 4324 1938 4413 ἐμπεσὸν
1991 4324 2108 4403 τὰς
2166 4321 2518 4412 ἀποθήκας
2563 4335 2703 4393 τῶν

629 4463 694 4504 τε
742 4441 1136 4523 Αἰγυπτίων
1177 4439 1288 4504 καὶ
1328 4448 1466 4504 τῶν
1494 4437 1814 4521 Ἀραβίων
1846 4441 2149 4522 φορτίων
2183 4438 2592 4523 ἐπενείματο,
2638 4438 2702 4516 ἔς
