3167 5067
1522 398 1608 406 -.
1697 364 1954 456 7⁰.—

856 559 989 611 τές,
1051 527 1184 597 ἀλλ’
1240 528 1371 598 ὑπὸ
1418 540 1556 597 τῶν
1616 529 2003 615 δημάρχων,
2051 527 2213 613 ὅπερ
2263 529 2335 595 ἐν
2380 537 2473 619 τῷ
2517 527 2737 618 χρόνῳ
2785 528 2971 612 τρό-

857 669 990 710 πον
1033 641 1183 710 τινὰ
1231 640 1356 728 ἤδη
1402 642 1798 710 κατελέλυτο

959 755 1045 819 ib.
1096 761 1194 818 37.
1245 762 1302 818 (ἰ.
1394 750 1478 821 οὐ
1520 752 1657 841 μὴν
1700 750 1860 821 οὐδὲ
1906 750 1982 820 τὸ
2029 749 2243 839 ὄνομα
2300 750 2518 820 αὐτοῦ
2560 753 2634 820 ἐν
2676 762 2772 842 τῷ
2817 762 2973 839 τῆς

860 870 1205 952 ἐπιστολῆς
1251 870 1616 956 προοιμίῳ,
1671 870 1889 933 καίτοι
1941 865 2054 932 καὶ
2101 869 2407 949 Καίσαρα
2452 866 2565 932 καὶ
2610 861 2969 949 αὐτοκρά-

858 1006 1024 1064 τορα
1068 975 1279 1047 αὐτὸν
1324 974 1696 1064 ὀνομάσας,
1755 979 1868 1044 καὶ
1926 975 2007 1044 τὰ
2068 977 2415 1062 γραφέντα
2478 975 2563 1056 ὡς
2623 978 2738 1044 καὶ
2780 973 2958 1061 παρ’

857 1087 1262 1177 ἀμφοτέρων
1307 1090 1737 1157 ἐπισταλέντα
1782 1085 2239 1176 προδηλώσας,
2285 1089 2653 1176 ἐνέγραψεν

963 1203 1037 1270 ἐν
1094 1204 1166 1270 δὲ
1218 1211 1302 1291 τῇ
1358 1200 1660 1289 διηγήσει
1719 1211 1859 1269 τῶν
1917 1201 2403 1287 πεπραγμένων
2455 1210 2574 1287 τῆς
2633 1203 2757 1288 μὲν
2813 1211 2972 1268 τοῦ

858 1313 1452 1401 Διαδουμενιανοῦ
1510 1319 1963 1401 προσηγορίας
2020 1314 2442 1400 ἐπεμνήσθη,
2502 1311 2627 1399 τὴν
2687 1314 2759 1381 δὲ
2814 1323 2970 1381 τοῦ

842 1428 1281 1508 Ἀντωνίνου,
1339 1431 1598 1511 Καίπερ
1647 1426 1914 1512 ἔχοντος
1958 1422 2174 1493 αὐτοῦ
2237 1427 2351 1493 καὶ
2396 1425 2686 1513 ταύτην,
2745 1428 2965 1510 παρέ-

859 1547 1068 1607 λιπεν.

1476 1736 2023 1820 Elagabalus

759 1875 950 1960 Apud
1017 1875 1449 1958 Elagabalum
1505 1897 1635 1940 non
1695 1874 1903 1939 multa
1963 1881 2317 1949 occurrunt
2374 1875 2609 1939 omina.
2717 1876 2963 1942 Prius-

553 2010 749 2072 quam
814 1988 1173 2071 imperator
1237 1987 1456 2067 fieret,
1524 1987 1837 2051 nonnulla
1894 1986 2196 2070 prodigia
2266 1986 2446 2050 facta
2511 1993 2665 2052 sunt
2685 2038 2699 2067 ,
2769 2010 2963 2071 quae

549 2099 904 2185 praecipue
970 2100 1108 2165 eius
1152 2100 1591 2183 principatum
1641 2099 1983 2163 ostendere
2030 2099 2282 2162 credita
2327 2120 2470 2163 esse
2514 2100 2676 2165 mihi
2718 2100 2962 2166 viden-

550 2219 676 2292 tur,
725 2233 1120 2295 quamquam
1168 2217 1344 2276 certe
1391 2212 1774 2276 convincere
1831 2232 1962 2274 non
2021 2231 2367 2293 possumus
2423 2210 2552 2276 illis
2597 2214 2961 2295 portentiS,

550 2331 626 2390 ut
652 2325 947 2389 homines
992 2324 1301 2388 arbitrati
1345 2324 1490 2402 sint,
1535 2345 1665 2386 non
1698 2323 1955 2387 omnino
2003 2327 2256 2401 cuncta,
2303 2344 2472 2405 quae
2514 2328 2674 2388 tunc
2717 2332 2954 2390 essent

550 2436 729 2500 facta
775 2437 923 2521 (Dio
966 2435 1318 2500 LXXVIII.
1368 2440 1467 2500 29.
1516 2440 1552 2500 3
1609 2440 1675 2499 et
1719 2435 1971 2517 antea),
2031 2434 2397 2517 significata
2458 2457 2617 2500 esse.
2706 2437 2957 2501 Inven-

552 2549 777 2613 iuntur
828 2549 1002 2632 apud
1050 2548 1355 2614 Dionem.

964 2659 1316 2724 LXXVIII.
1362 2664 1462 2723 30.
1516 2664 1569 2722 1.
1662 2657 1856 2745 ἡλίου
1913 2684 1982 2725 τε
2035 2657 2162 2744 γὰρ
2220 2659 2505 2740 ἔκλειψις
2544 2680 2958 2746 περιφανεσ-

861 2771 1025 2858 τοῖτη
1071 2769 1204 2840 ὑπὸ
1247 2769 1364 2850 τὰς
1416 2769 1660 2857 ἡμέρας
1704 2771 1958 2851 ἐκείνας
2001 2771 2263 2856 ἐγένετο

967 2885 1079 2951 καὶ
1124 2881 1160 2952 ὁ
1204 2879 1412 2969 ἀστὴρ
1461 2881 1497 2951 ὁ
1537 2881 1831 2969 κομήτης
1875 2883 1981 2950 ἐπὶ
2027 2890 2259 2951 πλεῖον
2304 2880 2506 2970 ὤφθη

967 2993 1208 3082 ἕτερόν
1241 2997 1310 3063 τέ
1356 3022 1420 3062 τι
1463 2991 1716 3079 ἄστρον
1770 2993 1903 3063 ἀπὸ
1952 3000 2231 3082 δυσμῶν
2277 2994 2443 3080 πρὸς
2485 2993 2815 3077 ἀνατολὰς
2865 2998 2955 3068 τὸ

864 3106 1291 3196 ἀκρυφύσιον
1328 3108 1435 3175 ἐπὶ
1478 3107 1726 3188 πολλὰς
1784 3106 2031 3187 νύκτας
2090 3105 2453 3177 ἀνατεῖνον
2494 3113 2730 3190 δεινῶς
2773 3107 2957 3196 ἡμᾶς

866 3219 1307 3306 ἐξετάραττεν.

761 3334 996 3398 Nescio
1062 3354 1147 3397 an
1202 3334 1269 3396 in
1315 3331 1638 3397 ominibus
1657 3383 1671 3412 ‚
1734 3353 1903 3415 quae
1941 3331 2304 3415 Elagabalo
2361 3334 2708 3417 imperium
2750 3356 2954 3418 prae-

557 3445 1026 3520 nuntiaverint,
1074 3444 1493 3509 collocandae
1538 3447 1670 3509 sint
1712 3466 1828 3510 eae
1873 3446 2386 3528 praedictioneS,
2425 3447 2683 3528 quibua,
2746 3452 2823 3511 ut
2866 3467 2956 3512 ex

556 3557 700 3622 loco
749 3561 1055 3639 corrupto
1102 3555 1278 3639 apud
1325 3556 1598 3621 Dionem
1644 3562 1710 3621 et
1755 3578 1834 3620 ex
1866 3558 2160 3621 Zonarae
2207 3557 2422 3622 verbis
2467 3558 2698 3637 elucet,
2747 3559 2955 3643 Euty-

560 3669 831 3734 chianus
877 3669 1188 3733 incitatus
1233 3673 1364 3748 est,
1410 3673 1485 3732 ut
1529 3668 1822 3733 Macrino
1865 3669 2213 3734 interfecto
2260 3669 2691 3751 Elagabalum
2736 3671 2950 3755 impe-

557 3786 845 3846 ratorem
889 3781 1139 3846 faceret
1183 3782 1334 3866 (Dio
1380 3780 1731 3846 LXXVIII.
1780 3787 1879 3846 31.
1929 3787 1983 3860 1,
2031 3787 2104 3862 23
2149 3782 2301 3845 Zon.
2348 3781 2488 3846 XII.
2540 3784 2666 3866 13).

765 3893 1119 3957 Praeterea
1172 3899 1746 3958 commemoratum
1807 3894 2097 3958 videmus
2159 3893 2334 3977 apud
2394 3893 2668 3958 Dionem
2727 3896 2960 3979 prodi-

560 4006 735 4090 gium
779 4005 1024 4069 Romae
1069 4009 1287 4069 aetate
1339 4005 1686 4088 Elagabali
1728 4005 1993 4085 factum,
2042 4005 2217 4088 quod
2257 4005 2382 4070 hoc
2424 4005 2569 4070 loco
2615 4006 2957 4073 adducere

557 4117 988 4196 instituimu8‚
1050 4138 1446 4200 quamquam
1506 4140 1546 4181 a
1598 4119 1916 4201 scriptore
1973 4138 2103 4181 non
2147 4119 2604 4202 comperimu8‚
2662 4139 2820 4182 num
2866 4121 2960 4185 ad

560 4228 993 4312 Elagabalum
1039 4229 1320 4294 relatum
1364 4230 1480 4295 sit:

972 4341 1262 4407 LXXIX.
1299 4348 1396 4408 10.
1448 4348 1501 4407 1.
1592 4342 1885 4428 ἐγεγόνει
1930 4343 2143 4410 δὲκαὶ
2187 4341 2428 4426 τέρατα
2473 4340 2548 4409 ἐν
2592 4351 2674 4432 τῇ
2708 4341 2961 4432 Ῥώμῃ,

870 4451 1034 4522 ἄλλα
1079 4481 1148 4523 τε
1194 4457 1305 4523 καὶ
1366 4456 1438 4523 ἐκ
1496 4464 1622 4524 τοῦ
1666 4451 2042 4542 ἀγάλματος
2087 4464 2205 4542 τῆς
2232 4451 2513 4537 Ἴσιδος,
2571 4452 2608 4524 ὃ
2653 4451 2823 4541 ὑπὲρ
2876 4456 2960 4526 τὸ
