3167 5067
22 655 25 722 Ι

1137 349 1660 413 ,--83-

455 515 687 582 Nescio
733 538 817 580 an
861 515 978 579 illa
1036 517 1346 601 epistola,
1406 538 1604 600 quam
1650 517 2040 582 Aurelianus
2083 517 2299 584 Probo
2359 520 2631 598 dederit,

222 650 369 712 pro
413 629 620 693 omine
660 628 890 694 habita
934 629 1050 694 sit:

658 741 817 825 Vop.
862 741 1053 807 Prob.
1102 748 1158 807 6.
1207 748 1262 808 6.
1353 741 1484 822 „Ut
1525 742 1729 823 scias,
1773 743 2002 826 quanti
2040 748 2107 808 te
2153 742 2410 823 faciam,
2456 744 2627 808 deci·

555 873 782 918 manos
826 874 1005 920 meos
1051 875 1265 934 sume,
1331 875 1493 938 quos
1550 854 1861 921 Claudius
1915 854 2074 919 mihi
2137 855 2431 920 credidit.
2519 857 2630 922 isti

554 965 722 1030 enim
770 970 922 1031 sunt
965 967 1076 1050 qui
1121 964 1406 1051 quadam
1437 966 1772 1032 felicitatis
1800 968 2261 1050 praerogativa
2291 969 2630 1052 praesules

552 1077 676 1142 nisi
722 1078 979 1145 futuros
1022 1080 1350 1164 principes
1398 1078 1644 1146 habere
1688 1100 1816 1144 non
1855 1084 2134 1144 norunti‘

452 1192 755 1255 Attamen
804 1191 1123 1275 Vopiscus
1166 1193 1307 1276 ipse
1362 1214 1491 1257 non
1553 1192 1913 1257 ominosam
1970 1191 2220 1257 iudicat
2261 1193 2629 1277 epistolam,

230 1303 356 1368 sed
392 1303 609 1382 talem,
655 1324 737 1368 ex
766 1325 897 1386 qua
933 1305 1236 1387 cognosci
1265 1305 1475 1388 possit
1503 1305 1927 1370 Aurelianum
1958 1304 2025 1368 in
2057 1304 2274 1370 animo
2298 1304 2629 1385 habuisse,

230 1416 527 1481 Probum
574 1437 1016 1481 successorem
1063 1438 1251 1481 suum
1298 1417 1695 1482 constituere
1741 1416 1855 1501 (ib.
1901 1422 1959 1481 6.
2004 1417 2088 1500 7).

248 1535 256 1542 ’
449 1527 524 1591 In
566 1528 694 1593 fine
738 1527 906 1593 alius
933 1527 1268 1612 epistolae,
1314 1550 1511 1613 quam
1543 1529 1811 1594 Tacitus
1852 1527 2066 1593 Probo
2099 1528 2291 1609 misit,
2337 1529 2623 1609 Tacitus,

230 1646 589 1724 postquam
610 1640 908 1719 honoreS,
956 1640 1193 1724 quibus
1226 1640 1508 1706 Probum
1547 1640 1859 1720 affecerit,
1892 1641 2312 1721 enumeravit,
2359 1641 2627 1707 scribit:

653 1751 740 1817 ib.
790 1759 846 1816 7.
887 1760 945 1818 4.
1035 1757 1139 1833 „te
1185 1752 1355 1818 enim
1414 1758 1636 1818 manet
1691 1774 1812 1838 pro
1867 1752 2219 1818 virtutibus
2256 1753 2388 1818 tuis
2434 1753 2622 1838 Capi·

758 1866 965 1930 tolina
1008 1865 1340 1950 palmata“

238 1978 562 2061 Vopiscus
619 1975 878 2041 adiicit:
937 1976 1197 2056 „ferunt
1244 1977 1528 2060 quidam,
1576 1977 1791 2042 Probo
1835 1976 1902 2041 id
1946 1999 2067 2061 pro
2111 1976 2369 2061 imperii
2414 1978 2628 2042 omine

232 2090 467 2167 fuisse,
529 2087 703 2171 quod
767 2088 1032 2153 Tacitus
1078 2090 1370 2173 scripsit:
1432 2090 1541 2155 ‘Te
1585 2095 1806 2155 manet
1867 2088 2234 2172 Capitolina
2289 2088 2620 2173 palmata‘.

235 2202 356 2268 sed
400 2202 467 2265 in
512 2200 684 2286 hanc
716 2202 1104 2266 sententiam
1150 2201 1450 2268 omnibus
1481 2223 1739 2285 semper
1769 2200 2144 2266 consulibus
2177 2180 2626 2267 scribebatur&

238 2314 430 2378 Unde
469 2312 849 2397 intellegere
894 2313 1081 2379 nobis
1142 2314 1328 2394 licet,
1384 2315 1440 2380 si
1501 2336 1632 2379 non
1676 2314 2060 2399 Vopiscum,
2125 2319 2345 2378 tamen
2388 2312 2629 2378 multos

236 2426 403 2491 alios
448 2425 562 2491 illa
606 2425 816 2491 Taciti
861 2426 1065 2492 verba
1105 2446 1225 2511 pro
1272 2427 1484 2493 omine
1528 2427 1790 2511 imperii
1834 2426 2113 2491 duxisse.

447 2538 801 2603 Praeterea
830 2538 1007 2622 apud
1031 2540 1381 2623 Vopiscum
1418 2560 1607 2605 omen
1643 2542 2219 2604 commemoratum
2247 2538 2629 2618 invenimus,

237 2650 416 2735 quod
461 2651 547 2715 ad
591 2651 788 2715 Probi
831 2655 1130 2735 posteros
1176 2656 1471 2735 spectat:

653 2763 740 2827 ib.
788 2768 889 2828 24.
936 2768 992 2828 2.
1083 2785 1271 2843 „cum
1312 2765 1530 2847 imago
1560 2762 1760 2828 Probi
1805 2762 1870 2827 in
1918 2762 2279 2827 Veronensi
2323 2763 2452 2826 sita
2497 2762 2621 2828 ful-

551 2875 721 2940 mine
765 2876 898 2941 icta
943 2881 1117 2942 esset
1158 2877 1254 2942 ita
1298 2882 1373 2941 ut
1419 2877 1557 2941 eius
1601 2877 1950 2960 praetexta
2013 2874 2263 2939 colores
2322 2880 2627 2956 mutaret,

552 2987 934 3071 haruspices
977 2988 1472 3073 responderunt,
1517 2989 1712 3055 huius
1742 2986 2029 3053 familiae
2059 2990 2359 3070 posteros
2402 2991 2628 3051 tantae

551 3099 618 3163 in
666 3105 897 3165 senatu
942 3101 1351 3166 claritudinis
1393 3101 1533 3166 fore
1578 3106 1654 3166 ut
1695 3120 1919 3166 omnes
1963 3099 2229 3164 summis
2272 3098 2629 3164 honoribus

551 3211 1014 3295 fungerenturi‘

1298 3498 1577 3564 Carus

450 3663 682 3726 Omina
740 3664 995 3746 imperii
1055 3665 1261 3730 Carus
1318 3686 1446 3729 non
1508 3665 1781 3746 accepit.
1873 3662 2139 3744 Signum
2201 3659 2431 3724 mortis
2475 3679 2628 3722 num

235 3778 298 3842 ei
333 3774 679 3854 exstiterit,
711 3776 1170 3858 inquirendum
1204 3781 1320 3841 est.
1369 3776 1673 3859 Legimus
1700 3774 1877 3859 apud
1902 3772 2237 3838 Aurelium
2271 3771 2628 3837 Victorem:

655 3886 837 3953 Caes.
885 3893 985 3953 38.
1075 3887 1245 3968 „Ubi
1305 3888 1466 3954 fusis
1519 3886 1853 3966 hostibus,
1918 3885 2073 3950 dum
2117 3884 2363 3968 gloriae
2407 3883 2624 3948 incon-

553 4000 721 4065 sulte
801 4001 1052 4066 avidior
1069 4051 1084 4081 ,
1158 4000 1582 4086 Ctesiphonta
1655 3998 1886 4065 urbem
1946 3996 2256 4062 Parthiae
2319 3995 2629 4081 inclytam

552 4113 1058 4197 transgreditur:
1118 4113 1404 4179 fulminis
1465 4118 1649 4179 tactu
1708 4110 2154 4194 conflagravit.
2242 4108 2319 4175 Id
2363 4107 2630 4192 quidam

552 4225 694 4290 iure
740 4226 800 4288 ei
832 4225 1148 4292 accidisse
1178 4226 1488 4292 referunt.
1540 4246 1692 4290 nam
1737 4244 1885 4289 cum
1927 4222 2196 4288 oracula
2237 4221 2629 4302 docuissent,

554 4337 846 4420 adusque
892 4338 1157 4421 opidum
1205 4343 1635 4403 memoratum
1692 4336 2019 4421 perveniri
2078 4334 2356 4399 victoria
2398 4334 2630 4414 licere3

551 4449 808 4532 longius
871 4449 1126 4515 delatus
1183 4471 1428 4534 poenas
1484 4450 1644 4514 luit“
1706 4449 1919 4533 (Oros.
1966 4446 2100 4513 VII.
2134 4451 2267 4604 62ψ4.
2315 4452 2374 4513 4.
2478 4445 2631 4530 „qui
