3167 5067
1470 354 1901 414 -43-

793 546 863 587 τε
923 521 1000 589 τὸ
1056 520 1382 589 παλάτιον
1438 523 1893 609 μετεωρισθὲν
1953 520 2192 608 ἐσῆλθε
2252 524 2364 589 καὶ
2423 520 2632 589 πολλὰ
2689 518 2891 588 πάνυ

793 629 1009 700 αὐτοῦ
1051 635 1459 701 κατέκαυσεν
1477 688 1492 711 ,
1566 632 1729 701 ὥστε
1775 635 1885 701 καὶ
1930 633 2010 701 τὰ
2056 633 2405 721 γράμματα
2451 632 2531 701 τὰ
2574 642 2656 723 τῇ
2699 630 2887 722 ἀρχῇ

793 743 1219 831 προσήκοντα
1264 741 1499 832 ὀλίγου
1547 749 1693 813 δεῖν
1737 745 1956 813 πάντα
2003 754 2371 833 φθαρῆναι.
2441 742 2482 813 ἀ
2502 741 2567 828 φ’
2620 772 2656 813 ο
2681 734 2725 813 ὗ
2769 749 2810 811 δ
2836 743 2890 831 ὴ

792 856 1074 924 καὶτὰ
1118 856 1488 944 μάλιστα
1533 861 1799 945 δῆλον
1842 858 2192 944 ἐγένετο
2241 855 2373 925 ὅτι
2428 853 2579 925 οὐκ
2637 854 2723 924 έν
2775 866 2887 945 τῇ

793 967 1040 1035 πόλει
1083 968 1172 1036 τὸ
1215 973 1401 1036 δειν
1426 968 1519 1037 ὸν
1573 969 2005 1056 στήσεται,
2066 967 2272 1036 ἀλλὰ
2327 970 2470 1037 καὶ
2532 969 2668 1036 ἐπὶ
2726 978 2835 1035 πᾶ
2859 1013 2886 1021 -

795 1097 948 1148 σαν
1024 1107 1061 1148 τ
1084 1080 1180 1167 ὴν
1265 1082 1788 1169 οἰκουμένην
1846 1077 2123 1169 ,αὐτῆς
2195 1078 2236 1149 ἀ
2258 1071 2619 1166 φίξεται.
2712 1077 2886 1148 οὐδὲ

792 1191 919 1279 γὰρ
963 1198 1501 1281 κατασβεσθῆναι
1525 1191 1927 1282 ἀνθρωπίνῃ
1973 1175 2140 1280 χειρὶ
2175 1189 2487 1280 ἠδυνήθη
2525 1247 2537 1261 .
2566 1247 2579 1260 .
2609 1198 2667 1261 .“
2715 1193 2885 1279 (He-

795 1304 1043 1369 rodian.
1085 1305 1133 1369 1.
1167 1312 1261 1370 14.
1297 1312 1484 1372 2-6.
1534 1304 1653 1388 »τὸ
1698 1307 2013 1394 μέγιστον
2058 1307 2129 1375 δὲ
2177 1304 2426 1387 δεινόν,
2473 1303 2510 1373 ὅ
2557 1359 2570 1374 .
2601 1359 2614 1372 .
2646 1359 2658 1373 .
2707 1304 2886 1391 πρὸς

798 1415 876 1484 τὸ
920 1418 1164 1504 μέλλον
1210 1421 1603 1506 οἰωνίσματι
1659 1420 1772 1486 καὶ
1837 1417 2075 1507 φαύλῳ
2133 1417 2443 1508 συμβόλῳ
2489 1418 2886 1505 χρωμένους

792 1527 1046 1608 πάντας
1114 1528 1463 1616 ἐτάραξεν·
1528 1584 1541 1598 .
1568 1584 1581 1598 .
1613 1585 1626 1598 .
1688 1535 1816 1599 εἴτε
1874 1539 2178 1618 σκηπτοῦ
2241 1528 2508 1614 νύκτωρ
2570 1556 2881 1617 κατενεχ-

792 1640 1034 1721 θέντος
1078 1646 1205 1710 εἲτε
1252 1644 1362 1711 καὶ
1407 1642 1621 1728 πυρός
1665 1651 1885 1711 ποθεν
1928 1644 2000 1711 ἐκ
2044 1651 2169 1711 τοῦ
2202 1651 2479 1729 σεισμοῦ
2520 1644 2875 1727 διαρρυέν-

791 1779 904 1834 τος
947 1763 1086 1821 πᾶν
1125 1752 1202 1823 τὸ
1247 1764 1365 1843 τῆς
1407 1754 1677 1843 εἰρήνης
1716 1756 1985 1843 τέμενος
2019 1755 2460 1842 κατεφλέχθη.
2655 1755 2875 1823 ἐπενε-

787 1865 974 1954 μήθη
1029 1868 1141 1934 καὶ
1206 1866 1286 1934 τὰ
1351 1875 1625 1935 πλεῖστα
1686 1876 1803 1954 τῆς
1855 1865 2109 1947 πόλεως
2169 1868 2285 1934 καὶ
2327 1866 2643 1935 κάλλιστα
2690 1867 2873 1953 ἔργα,

790 1976 897 2046 ὅτε
943 1980 1055 2045 καὶ
1100 1988 1217 2066 τῆς
1249 1977 1507 2060 Ἑστίας
1551 1987 1678 2047 τοῦ
1722 1977 1858 2046 νεὼ
1888 1972 2469 2064 καταφλεχθέντος
2517 2032 2530 2045 .
2561 2032 2573 2046 .
2604 2032 2617 2046 .
2668 1975 2871 2065 ὤφθη

790 2090 868 2157 τὸ
913 2100 1031 2178 τῆς
1078 2091 1428 2172 Παλλάδος
1466 2087 1872 2178 ἄγαλμα
1922 2089 2576 2177 συνεβάλλοντο
2625 2091 2711 2158 δέ
2753 2116 2869 2157 τι-

789 2228 930 2282 νες
971 2204 1368 2291 πολέμων
1413 2214 1783 2292 σημεῖον
1828 2201 2058 2270 εἶναι
2116 2201 2270 2290 τὴν
2328 2211 2484 2270 τοῦ
2532 2201 2672 2270 ven*
2729 2212 2870 2289 τῆς

791 2314 1138 2403 εἰρήνης
1180 2313 1652 2384 ἀπώλειαν·
1713 2314 1805 2382 τὰ
1868 2323 2079 2400 γοῦν
2124 2312 2869 2401 ἀκολουθήσαντα

833 2479 890 2494 ..
959 2426 1045 2494 ἐκ
1106 2436 1252 2514 τῆς
1313 2424 1821 2514 ἀποβάσεως
1893 2426 2046 2513 τὴν
2116 2426 2872 2513 προϋπάρχουσαν

790 2537 1078 2626 φήμην
1121 2539 1683 2607 ἐπιστώσατο.

480 2651 608 2716 Sed
654 2651 853 2716 etiam
904 2651 1099 2715 aliam
1158 2653 1547 2718 sententiam
1610 2652 1691 2716 de
1749 2652 1851 2717 his
1910 2650 2395 2716 calamitatibus
2456 2650 2870 2716 Herodianus

479 2763 696 2843 affert,
740 2762 826 2827 ib.
872 2768 939 2826 7:
1004 2761 1040 2830 ὁ
1077 2762 1422 2851 Ῥωμαίων
1466 2768 1677 2851 δῆμος
1737 2818 1750 2831 .
1778 2817 1790 2830 .
1821 2817 1834 2831 .
1897 2762 2013 2842 τὰς
2060 2766 2272 2842 αἰτίας
2316 2772 2456 2830 τῶν
2525 2762 2870 2850 έπαλήλων

478 2883 852 2962 συμφορῶν
910 2875 976 2955 ἐς
1032 2885 1192 2956 τοῦς
1235 2877 1499 2944 ἐκείνου
1543 2875 2004 2963 [Κομμόδου],
2071 2871 2386 2959 ἀκρίτους
2445 2874 2706 2959 φόνους

477 2984 822 3074 ἀνέφερεν.
886 2972 1201 3054 ‘Similem
1269 2990 1657 3054 sententiam
1716 2988 2075 3052 invenimus
2133 2987 2308 3071 apud
2355 2987 2691 3067 Orosium,
2759 2989 2869 3070 qui

481 3100 678 3165 etiam
726 3108 1194 3167 commemorat
1232 3102 1396 3167 illud
1440 3101 1829 3180 incendium,
1879 3100 2014 3165 VII.
2067 3106 2163 3164 16.
2212 3104 2284 3164 3:
2349 3089 2638 3184 „flagitia
2697 3102 2869 3185 regis

476 3232 689 3297 poena
722 3212 921 3279 Urbis
963 3214 1349 3297 insequitur.
1413 3236 1565 3280 nam
1608 3213 1875 3278 fulmine
1906 3212 2298 3296 Capitolium
2343 3212 2565 3292 ictum,
2613 3234 2692 3277 ex
2739 3234 2867 3295 quo

476 3326 654 3391 facta
697 3326 1123 3394 inflammatio
1169 3326 1656 3412 bybliothecam
1699 3325 1898 3405 illam,
1944 3325 2261 3389 maiorum
2313 3346 2472 3389 cura
2523 3325 2867 3407 studioque

478 3439 939 3522 compositam,
1005 3440 1331 3522 aedesque
1378 3439 1542 3504 alias
1586 3440 1775 3504 iuxta
1822 3439 1982 3504 sitas
2026 3438 2255 3522 rapaci
2299 3437 2561 3502 turbine
2609 3457 2867 3502 concre-

477 3552 696 3617 mavit.
767 3551 1001 3615 deinde
1047 3551 1224 3616 aliud
1268 3551 1640 3616 incendium
1703 3555 1936 3636 postea
1982 3549 2229 3613 Romae
2285 3554 2583 3614 exortum
2637 3550 2865 3615 aedem

478 3665 715 3730 Vestae
747 3669 814 3729 et
840 3663 1163 3729 Palatium
1185 3664 1665 3749 plurimamque
1707 3661 1905 3735 Urbis
1935 3666 2193 3745 partem
2225 3662 2361 3725 solo
2394 3662 2865 3745 coaequaviffl).

683 3778 942 3857 Restat,
987 3782 1063 3841 ut
1108 3783 1330 3842 cetera
1377 3777 1682 3861 prodigia
1725 3775 2106 3853 afferamus,
2168 3794 2336 3856 quae
2382 3774 2717 3839 Commodi
2761 3795 2866 3838 ae·-

475 3895 614 3954 tate
659 3889 976 3953 accidisse
1040 3891 1504 3975 comperimuS,
1566 3910 1842 3972 quorum
1904 3887 2188 3971 plurima
2247 3886 2412 3952 talia
2456 3892 2609 3950 sunt
2652 3886 2867 3950 omina

478 4002 702 4085 qualia
747 4006 900 4066 ante
944 4008 1219 4066 mortem
1264 4002 1633 4086 principum
1678 3999 1822 4066 fieri
1869 4001 2097 4065 solent.

891 4113 1219 4197 Lamprid.
1307 4113 1479 4178 Com.
1565 4120 1663 4178 16.
1735 4118 1793 4176 2.
1904 4112 2179 4192 „crinita
2256 4110 2447 4175 stella
2521 4111 2863 4195 apparuit“

788 4226 1053 4312 (Herod.
1099 4226 1147 4291 I.
1196 4233 1292 4291 14.
1344 4233 1396 4291 1.
1466 4225 1735 4310 ἀστέρες
1792 4219 1919 4311 ’γὰρ
1978 4222 2236 4310 ἡμέριοι
2296 4232 2591 4309 συνεχῶς
2646 4223 2863 4310 ἐβλέπ-

787 4366 1021 4421 τοντο,
1082 4327 1298 4424 ἕτεροί
1356 4364 1425 4406 τε
1490 4339 1554 4417 ἐς
1593 4347 1821 4423 ’μῆκος
1872 4337 2344 4424 κεχαλασμένοι
2411 4333 2496 4414 ὡς
2551 4336 2625 4402 ἐν
2688 4337 2863 4429 μέσῳ

787 4450 933 4537 ἀέρι
977 4454 1352 4540 κρέμασθαι
1393 4455 1637 4519 δοκεῖν.
