3167 5067
1477 365 1911 431 -30-

500 529 651 614 (Dio
679 530 796 621 Ep.
817 531 1039 597 LXIV.
1075 538 1130 597 7.
1166 539 1231 615 13
1292 533 1415 598 Dio
1477 535 1569 600 nil
1615 541 2082 602 commemorat
2140 536 2222 603 de
2282 542 2671 623 tempestate
2718 544 2886 621 orta,

498 643 759 708 nuntiat
802 643 947 728 ἱερὰ
972 644 1235 733 πονηρὰ
1274 643 1515 733 ὤφθης
1556 648 1839 713 fortasse
1877 648 1947 713 id
1987 648 2056 712 in
2087 670 2285 715 unum
2316 651 2661 731 contrahit,
2707 651 2890 735 quod

499 753 846 821 Suetonius
901 777 956 821 c.
1003 762 1059 824 7.
1122 757 1202 822 de
1257 757 1511 824 Othone
1558 764 1921 843 augurante
1983 765 2050 826 et
2094 782 2148 826 c.
2196 765 2254 826 8.
2301 762 2382 827 de
2436 762 2700 828 victima
2744 763 2888 828 Diti

497 868 673 949 patri
723 889 915 933 caesa
961 868 1151 949 dicit;
1219 870 1370 934 Zon.
1417 870 1526 937 XI.
1583 878 1681 938 15.
1743 875 1947 957 ἱερῶν
2151 883 2474 961 πονηρῶν
2520 870 2891 961 ὀφθέντων

496 980 609 1046 καὶ
655 976 879 1047 ἄλλων
922 985 1215 1067 σημείων
1258 979 1443 1074 αὐτῷ
1485 984 1897 1071 γενομένων)

908 1091 1065 1157 ibid.
1089 1099 1147 1158 8.
1194 1094 1713 1178 „expeditionem
1751 1098 2011 1180 (contra
2043 1096 2401 1183 Vitellium)
2424 1098 2757 1187 inchoavit
2788 1149 2840 1164 ..
2872 1149 2887 1164 .

808 1204 1003 1269 motis
1044 1226 1166 1270 nec
1210 1205 1365 1271 dum
1410 1207 1689 1273 conditis
1731 1208 2091 1274 ancilibus“

908 1323 1014 1396 „et
1079 1317 1216 1398 die,
1287 1339 1415 1402 quo
1485 1320 1771 1385 cultores
1841 1320 2032 1386 deum
2101 1320 2332 1386 Matris
2397 1322 2746 1388 lamentari
2814 1329 2891 1388 et

804 1427 1118 1512 plangere
1161 1430 1518 1515 incipiunt“

910 1541 1213 1620 „victima
1255 1543 1392 1608 Diti
1428 1544 1607 1628 patri
1654 1565 1847 1610 caesa
1889 1545 2142 1612 litavit“

495 1649 606 1735 (cf.
654 1650 813 1733 quid
857 1672 1057 1735 supra
1102 1654 1483 1741 dixerimus)

910 1765 1156 1849 „primo
1220 1788 1487 1851 egressu
1551 1768 2087 1836 inundationibus
2144 1769 2398 1835 Tiberis
2465 1771 2890 1836 retardatus“

807 1875 1004 1959 (Plut.
1054 1878 1226 1944 Otho
1269 1879 1392 1961 IV;
1435 1880 1584 1946 Tac.
1631 1881 1782 1947 hist.
1828 1881 1876 1945 Ι.
1922 1883 2053 1966 86.)

912 1988 1037 2068 „ad
1099 1991 1515 2057 vicensimum
1588 1994 1785 2058 etiam
1841 1993 2129 2078 lapidem
2185 1994 2377 2060 ruina
2429 1994 2886 2061 aedificiorum

806 2102 1218 2183 praeclusam
1262 2104 1434 2170 viam
1478 2102 1788 2170 offendit“

910 2215 1079 2281 Plut.
1141 2216 1311 2282 Otho
1366 2217 1485 2282 IV:
1552 2221 1847 2304 σημείων
1892 2270 1905 2285 .
1934 2270 1947 2285 .
1973 2270 1986 2285 .
2035 2224 2305 2286 πολλῶν
2363 2219 2743 2306 λεγομένων
2800 2220 2890 2288 τὰ

803 2332 927 2417 μὲν
972 2325 1137 2395 ἅλλα
1183 2327 1408 2414 φήμας
1454 2381 1467 2395 .
1496 2381 1509 2395 .
1539 2381 1552 2395 .
1599 2325 2018 2416 ἀμφιβόλους
2062 2327 2267 2415 εἶχεν,
2331 2330 2407 2398 ἐν
2456 2331 2529 2399 δὲ
2577 2338 2888 2399 Καπιτω-

805 2445 926 2532 λίῳ
991 2445 1209 2525 Νίκης
1261 2438 1643 2527 ἐφεστώσης
1688 2438 1931 2528 ἅρματι
1989 2440 2106 2521 τὰς
2162 2440 2353 2529 ἡνίας
2408 2442 2653 2523 παντες
2697 2441 2889 2512 εἶδον

805 2550 1169 2641 ἀφειμένας
1211 2552 1284 2621 ἑκ
1328 2561 1468 2620 τῶν
1507 2561 1753 2638 χειρῶν
1804 2551 2020 2637 ὥσπερ
2057 2563 2330 2638 κρατεῖν
2372 2553 2466 2642 μὴ
2506 2555 2887 2643 δυναμένης

805 2665 982 2751 (Tac.
1028 2665 1178 2730 hist.
1223 2665 1272 2730 Ι.
1318 2666 1430 2750 86)

908 2778 1020 2847 καὶ
1063 2776 1185 2846 τὸν
1225 2830 1238 2845 .
1266 2831 1279 2844 .
1312 2830 1325 2845 .
1368 2781 1586 2846 Γαΐου
1633 2782 1971 2863 Καίσαρος
2005 2773 2376 2862 ἀνδριάντα
2404 2778 2568 2866 μήτε
2607 2787 2888 2866 σεισμοῦ

804 2888 1164 2977 γεγονότος
1228 2942 1241 2957 .
1267 2943 1280 2957 .
1310 2943 1323 2957 .
1389 2885 1487 2976 ἀφ
1559 2889 1837 2974 ἑσπέρας
1906 2889 2455 2978 μεταστραφέντα
2530 2889 2698 2977 πρὸς
2764 2890 2885 2972 τας

805 2999 1135 3082 ἀνατολὰς
1181 3055 1195 3069 .
1224 3055 1237 3068 .
1269 3055 1282 3069 .

495 3116 674 3202 (Tac.
698 3115 848 3180 hist.
870 3115 919 3180 Ι.
945 3120 1062 3196 86;
1109 3114 1283 3180 Suet.
1311 3115 1502 3199 Vesp.
1530 3121 1602 3195 ὃς
1649 3113 1996 3179 Suetonius
2043 3113 2257 3179 Galba
2302 3114 2568 3180 comitia
2613 3115 2885 3203 secundi

492 3227 867 3293 consulatus
909 3227 1174 3293 ineunte
1215 3227 1286 3292 id
1335 3226 1653 3291 accidisse
1686 3226 1990 3310 nuntiat).
2071 3225 2325 3291 Tiberis
2362 3227 2877 3307 inundationem,

493 3341 574 3406 de
621 3361 752 3423 qua
796 3339 1188 3405 Plutarchus
1233 3338 1436 3405 verba
1478 3338 1658 3418 facit,
1703 3358 1904 3422 supra
1946 3339 2465 3404 memoravimus.

700 3452 1056 3517 Praeterea
1098 3452 1515 3517 inveniuntur
1558 3451 1736 3535 apud
1781 3449 2099 3530 Tacitum,
2143 3450 2294 3515 hist.
2339 3451 2388 3515 Ι.
2435 3455 2551 3516 86;

907 3563 1239 3648 „erupisse
1285 3562 1452 3628 cella
1493 3563 1758 3628 Innonis
1801 3563 2116 3627 maiorem
2160 3562 2447 3627 humana
2490 3562 2811 3646 speciem“

905 3676 1357 3761 „prolocutum
1395 3676 1464 3740 in
1508 3676 1777 3742 Etruria
1820 3675 2092 3741 bovem“

907 3789 1244 3871 „insolitos
1289 3788 1669 3854 animalium
1712 3792 1984 3872 partus“

905 3908 1011 3983 „et
1051 3902 1245 3986 plura
1289 3900 1459 3966 alia“

906 4012 1072 4078 Hist.
1099 4014 1197 4081 ·II.
1246 4018 1345 4080 50.
1434 4013 1631 4094 „Die‚
1692 4033 1822 4096 quo
1867 4012 2171 4078 Bedriaci
2218 4009 2630 4091 certabatur,
2690 4031 2879 4076 avem

799 4125 1134 4191 invisitata
1195 4126 1412 4209 specie
1484 4124 1662 4210 apud
1719 4125 1993 4207 Regium
2053 4122 2370 4207 Lepidum
2428 4122 2674 4188 celebri
2729 4122 2880 4188 loco

803 4237 1173 4304 consedisse
1191 4288 1207 4318 ‚
1251 4237 1505 4303 incolae
1549 4224 1945 4318 memorant,
1989 4257 2110 4302 nec
2159 4235 2393 4301 deinde
2439 4240 2631 4302 coetu
2669 4235 2879 4299 homi-

802 4373 954 4415 num
974 4401 990 4430 ,
1034 4355 1151 4415 aut
1194 4349 1851 4415 circumvolitantium
1897 4349 2147 4429 alitum,
2187 4350 2487 4414 territam
2518 4348 2879 4433 pulsamve,

802 4463 1007 4529 donec
1047 4460 1217 4529 Otho
1264 4484 1334 4528 se
1377 4463 1518 4547 ipse
1552 4460 1986 4527 interficeret:
2031 4466 2172 4526 tum
2204 4461 2496 4527 ablatam
2528 4482 2610 4528 ex
2640 4460 2879 4525 oculis:
