3167 5067
881 532 1085 597 tensis
1119 531 1428 596 membris
1459 532 1881 598 exclamavit:
1925 533 2175 597 ‘Tacita
2204 554 2517 617 purpura,
2563 535 2773 601 tacita
2805 557 2979 617 pur-

881 644 1090 727 pura',
1132 642 1332 727 idque
1372 644 1689 728 septimo“

983 755 1070 821 ib.
1121 762 1218 821 17.
1267 761 1323 821 2.
1413 757 1690 837 „vinum,
1737 778 1866 841 quo
1912 757 2240 822 libaturus
2283 758 2550 824 Tacitus
2614 758 2838 823 fuerat
2896 760 2980 823 in

879 869 1124 953 templo
1152 869 1454 935 Herculis
1489 869 1806 949 Fundani,
1852 869 2070 935 subito
2097 892 2501 955 purpureum
2528 871 2777 936 factum
2823 878 2978 936 est“

980 981 1068 1047 ib.
1120 987 1217 1046 17.
1264 989 1322 1046 3.
1409 982 1630 1062 „vitis‚
1697 1002 1867 1066 quae
1922 1003 2083 1047 uvas
2145 983 2479 1047 Aminnias
2539 982 2728 1048 albas
2789 983 2973 1048 fere-

879 1092 1065 1174 bant,
1126 1114 1202 1159 eo
1249 1115 1419 1159 anno
1479 1115 1609 1177 quo
1651 1094 1762 1159 ille
1803 1095 2150 1178 imperium
2192 1096 2434 1160 meruit
2475 1117 2975 1179 purpurascere

883 1256 896 1270 .
925 1257 940 1270 .
968 1256 983 1271 .
1030 1207 1315 1291 plurima
1358 1227 1695 1291 purpurea
1732 1207 1911 1272 facta
1956 1211 2145 1272 sunti‘

777 1319 978 1402 Signa
1019 1319 1251 1384 mortis
1297 1318 1384 1383 ab
1429 1318 1657 1385 eodem
1705 1319 2059 1386 traduntur
2102 1319 2298 1385 talia:

980 1431 1068 1497 ib.
1120 1437 1216 1496 17.
1261 1437 1318 1497 4.
1409 1432 1657 1516 „patris
1717 1431 2133 1516 sepulchrum
2202 1431 2517 1517 disruptis
2596 1433 2814 1498 ianuis
2892 1456 2976 1498 se

881 1543 1178 1628 aperuit“

983 1656 1251 1737 „matris
1294 1656 1529 1722 umbra
1585 1676 1655 1721 se
1711 1676 1831 1741 per
1894 1656 2065 1722 diem
2120 1662 2187 1721 et
2230 1657 2457 1722 Tacito
2513 1662 2581 1721 et
2642 1657 2965 1722 Floriano

879 1768 1057 1835 velut
1100 1769 1373 1835 viventis
1415 1768 1688 1853 optulit,
1747 1790 1897 1833 nam
1942 1769 2216 1835 diversis
2259 1768 2562 1853 patribus
2605 1770 2745 1834 nati
2791 1769 2971 1835 fere-

878 1881 1159 1947 bantur“

982 1995 1088 2075 „in
1130 1993 1375 2059 larario
1421 1993 1512 2058 dii
1553 2014 1776 2059 omnes
1822 2014 1939 2060 seu
1981 1999 2201 2060 terrae
2246 2000 2429 2059 motu
2474 2015 2590 2061 seu
2634 2016 2792 2060 casu
2843 1997 2974 2061 ali-

878 2126 1008 2189 quo
1053 2105 1515 2172 conciderunt“

977 2219 1065 2284 ib.
1119 2224 1215 2283 17.
1263 2227 1319 2284 5.
1410 2218 1667 2302 „imago
1709 2219 2046 2304 Apollinis,
2092 2240 2262 2302 quae
2309 2218 2394 2284 ab
2438 2219 2540 2284 his
2587 2219 2959 2302 colebatur,

877 2353 959 2397 ex
1005 2350 1256 2396 summo
1302 2330 1565 2414 fastigio
1608 2332 1675 2396 in
1707 2331 1949 2397 lectulo
1980 2331 2197 2416 posita
2242 2331 2381 2396 sine
2424 2332 2704 2398 bominis
2740 2334 2964 2399 cuius·

874 2445 1050 2528 piam
1092 2464 1288 2508 manu
1331 2442 1740 2528 deprehensa
1783 2448 1919 2509 estfi‘

775 2553 873 2620 Ex
917 2555 1180 2639 Vopisci
1234 2555 1452 2621 verbis
1507 2555 1594 2621 ib.
1647 2562 1745 2620 17.
1794 2562 1851 2621 5.
1940 2555 2110 2635 „Sed
2172 2576 2512 2639 quousque
2572 2556 2750 2621 ultra
2800 2580 2965 2641 pro·

566 2667 938 2752 gredimur‘?
984 2673 1137 2734 sunt
1182 2689 1224 2733 a
1269 2667 1506 2750 quibus
1550 2669 1681 2734 ista
1723 2668 2063 2733 dicantur“
2109 2666 2368 2732 elucere
2412 2667 2672 2732 videtur
2712 2670 2965 2753 scipto-

564 2802 701 2845 rem
763 2802 843 2845 ex
904 2801 1141 2863 magno
1200 2782 1484 2846 ominum
1529 2778 1924 2846 traditorum
1982 2801 2254 2845 numero
2299 2779 2611 2845 nonnulla
2656 2782 2958 2863 elegisse.

1522 3064 1993 3130 Florianus,

771 3230 1110 3295 Florianus
1155 3230 1384 3294 Tacito
1429 3228 1634 3294 fratre
1678 3235 1935 3294 mortuo
1973 3228 2333 3312 imperator
2377 3229 2592 3293 factus
2636 3234 2754 3293 est.
2847 3232 2957 3296 In-

561 3347 665 3407 ter
695 3343 912 3408 omina
956 3343 1204 3422 mortis,
1252 3363 1421 3425 quae
1459 3341 1688 3406 Tacito
1717 3341 2107 3421 exstiterint,
2151 3362 2352 3405 unum
2382 3348 2953 3420 commemoratur,

562 3453 737 3536 quod
785 3453 983 3518 etiam
1023 3454 1109 3518 ad
1155 3453 1443 3518 Floriani
1485 3455 1824 3520 interitum
1883 3457 2183 3538 spectare
2243 3452 2502 3518 videtur
2566 3453 2677 3537 (ib.
2730 3460 2828 3520 17.
2878 3462 2952 3535 4;

561 3565 791 3630 matris
833 3565 1068 3631 umbra
1112 3569 1180 3630 et
1222 3566 1449 3630 Tacito
1496 3572 1563 3630 et
1605 3567 1918 3632 Floriano
1955 3586 2314 3650 apparens;
2362 3565 2443 3630 cf.
2478 3566 2706 3649 supra)
2751 3566 2954 3650 idque

561 3699 639 3742 eo
682 3678 892 3762 magis
950 3677 1126 3760 quod
1171 3677 1515 3742 Florianus
1565 3699 1813 3763 paucos
1872 3678 2065 3743 modo
2129 3698 2381 3742 menses
2440 3683 2591 3761 post
2649 3677 2950 3742 Tacitum

561 3791 845 3856 occisum
889 3795 957 3854 et
998 3792 1138 3874 ipse
1182 3813 1224 3855 a
1266 3790 1583 3855 militibus
1629 3791 1962 3874 iugulatus
2009 3795 2124 3855 est.

1586 4075 1925 4140 Probus

765 4235 1001 4302 Paucis
1047 4237 1369 4303 ominibus
1414 4239 1612 4303 Probi
1657 4239 1999 4322 imperium
2044 4240 2572 4323 praenuntiatum
2624 4244 2740 4303 est.

975 4351 1132 4434 Vop.
1177 4351 1326 4415 Tac,
1380 4357 1474 4415 16.
1523 4358 1578 4414 6.
1672 4372 1901 4434 „quem
1951 4351 2212 4433 quidem
2251 4352 2437 4417 multi
2484 4350 2702 4415 ferunt
2746 4352 2942 4414 etiam

866 4460 1195 4544 Sibyllinis
1241 4461 1444 4526 libros
1489 4463 1920 4545 promissum?
