3167 5067
567 212 999 309 92771

489 333 662 435 ἶ-’ΞΞ
878 318 1062 416 1906

430 513 712 610 ΒΖΗ

459 652 697 730 >wa

545 1281 688 1366 Illis
763 1304 1071 1381 saeculis,
1149 1302 1385 1385 quibus
1448 1303 1762 1369 Caesares
1831 1306 2173 1388 imperium
2244 1307 2341 1371 rei
2416 1306 2717 1398 publicae

338 1415 668 1478 Romanae
715 1413 1129 1493 obtinebant,
1177 1416 1394 1479 nescio
1443 1437 1526 1480 an
1573 1418 1951 1499 superstitio
1992 1418 2201 1481 maior
2243 1417 2473 1495 fuerit,
2519 1436 2744 1500 quam·

336 1524 607 1606 reliquis
668 1524 966 1589 omnibus
1023 1526 1446 1609 temporibus
1537 1528 1821 1592 Maxime
1879 1528 2103 1591 floruit
2152 1528 2368 1611 opinio
2416 1528 2572 1593 deos
2617 1529 2715 1593 fu-

336 1642 490 1699 tura
534 1637 897 1719 praesagiis
942 1644 1008 1701 et
1041 1639 1314 1702 ostentis
1344 1639 1729 1721 praedicere
1772 1639 1999 1704 solere.
2091 1641 2303 1721 Atque
2336 1660 2462 1703 non
2508 1641 2715 1705 solum

336 1748 566 1829 vulgus
608 1747 958 1824 indoctum,
1005 1770 1230 1812 verum
1273 1751 1468 1814 etiam
1502 1751 1906 1815 eruditorum
1953 1756 2019 1815 et
2057 1752 2450 1835 sapientium
2478 1772 2716 1833 magna

333 1880 491 1941 pars
541 1859 863 1924 ominibus
905 1859 1097 1923 fidem
1144 1860 1393 1925 habuit.

546 1970 776 2051 Itaque
839 1991 982 2034 cum
1054 1973 1368 2050 ominum,
1433 1973 1672 2055 quibus
1738 1974 1961 2038 futura
2030 1981 2206 2039 recte
2268 1974 2717 2057 praenuntiari

335 2082 627 2146 homines
672 2081 978 2145 arbitrati
1024 2088 1244 2159 erant,
1307 2085 1862 2167 praedictionibus
1921 2086 2202 2149 virorum
2251 2085 2520 2149 consilia
2563 2084 2718 2148 diri-

338 2199 664 2274 gerentur,
712 2192 957 2257 factum
1003 2199 1121 2272 est,
1168 2199 1243 2257 ut
1286 2214 1404 2277 per
1452 2201 1658 2259 totam
1703 2196 1881 2260 illam
1928 2201 2209 2259 aetatem
2230 2244 2244 2272 ‚
2312 2195 2394 2259 ab
2444 2196 2719 2278 Augusti

333 2304 608 2387 imperio
656 2326 861 2387 usque
903 2305 987 2369 ad
1033 2327 1111 2369 ea
1144 2311 1458 2389 tempora,
1507 2305 1745 2388 quibus
1792 2307 2150 2371 christiana
2191 2306 2419 2389 religio
2465 2313 2717 2371 ceteros

335 2417 550 2480 cultus
596 2416 983 2500 superabat,
1047 2417 1130 2481 ad
1191 2439 1296 2481 res
1343 2417 1663 2501 gerendas
1708 2418 1924 2481 omina
1967 2417 2359 2501 permultum
2405 2418 2715 2482 valerent.

336 2527 577 2609 Magna
620 2527 912 2594 facinora
954 2530 1448 2618 praesagiorum
1492 2530 1735 2594 fiducia
1785 2530 2049 2612 incepta
2104 2535 2219 2593 aut
2265 2529 2507 2594 omissa
2548 2534 2716 2608 sunt,

333 2639 760 2722 imperatores
804 2640 994 2704 multi
1034 2662 1114 2704 ea
1156 2647 1410 2705 tantum
1456 2641 1536 2705 de
1582 2661 1783 2705 causa
1815 2640 2251 2723 principatum
2281 2640 2503 2704 nancti
2547 2646 2715 2718 sunt,

336 2750 510 2831 quod
555 2756 953 2815 ostentorum
1004 2751 1573 2816 adhortationibus
1617 2751 1771 2815 freti
1819 2752 1997 2815 illam
2038 2751 2420 2833 dignitatem
2467 2772 2718 2816 summa

336 2882 459 2944 ope
505 2864 976 2945 appetiverunt.

545 2973 821 3055 Reliqua
863 2975 1079 3038 omnia
1122 2976 1327 3039 multo
1374 2975 1772 3039 antecedunt
1815 2981 1881 3039 et
1924 2995 2193 3039 numero
2239 2981 2305 3038 et
2335 2974 2716 3038 celebritate

338 3105 418 3147 ea
465 3085 698 3161 omina,
745 3106 912 3166 quae
959 3086 1042 3148 ad
1088 3086 1402 3149 Caesares
1447 3087 1626 3169 ipsos
1674 3091 2006 3169 spectant,
2054 3086 2187 3149 sive
2233 3086 2575 3169 imperium
2622 3087 2717 3149 eis

337 3194 690 3259 ostendunt
732 3196 864 3259 sive
913 3202 1188 3259 mortem
1234 3198 1366 3261 sive
1414 3198 1611 3262 aliam
1643 3220 1799 3262 rem.
1894 3201 2104 3280 Atque
2151 3218 2296 3261 cum
2341 3197 2527 3262 nobis
2566 3217 2716 3280 pro-

332 3308 776 3389 posuerimus,
840 3306 919 3371 de
965 3308 1319 3386 ominibuS‚
1383 3330 1552 3391 quae
1602 3331 1721 3392 per
1775 3305 1954 3373 illam
2000 3315 2282 3373 aetatem
2330 3308 2719 3373 Caesaribus

335 3419 624 3483 evenisse
671 3418 1038 3499 traduntur,
1089 3441 1315 3502 agere,
1366 3421 1541 3502 quod
1584 3421 1888 3486 arbitrati
1937 3443 2159 3486 sumus
2206 3442 2341 3485 rem
2390 3442 2531 3486 esse
2579 3421 2716 3504 dig-

332 3551 518 3607 nam,
582 3536 656 3594 ut
705 3532 1074 3595 accuratius
1119 3532 1183 3594 in
1232 3553 1372 3595 eam
1419 3534 1810 3614 inquiratur,
1856 3533 2026 3597 hanc
2072 3533 2392 3597 rationem
2437 3533 2716 3597 institui-

334 3662 496 3718 mu8‚
543 3646 616 3703 ut
658 3640 783 3704 hac
829 3642 1283 3706 dissertatione
1330 3644 1609 3726 primum
1658 3652 1895 3709 cuncta
1925 3645 2142 3708 omina
2171 3643 2255 3708 ad
2288 3645 2717 3728 imperatores

334 3753 730 3835 spectantia,
797 3773 964 3834 quae
1014 3753 1187 3836 apud
1234 3775 1449 3818 rerum
1497 3756 1851 3839 scriptores
1897 3757 2331 3840 reperiuntur,
2381 3755 2715 3838 collegeri-

333 3886 476 3927 mus
536 3870 733 3946 atque
790 3863 854 3927 in
915 3863 1202 3946 singulos
1249 3865 1590 3945 Caesares,
1653 3887 1926 3948 quorum
1988 3869 2123 3932 sive
2178 3868 2522 3950 imperium
2582 3867 2715 3940 sive

334 3980 607 4039 mortem
651 3976 786 4040 sive
829 3976 1168 4040 victoriam
1227 3976 1506 4041 aliumve
1550 3999 1772 4043 casum
1822 3978 2249 4057 ostenderint,
2311 3977 2715 4044 distribueri-

332 4108 509 4165 mus,
556 4086 703 4150 dein
751 4087 1198 4152 demonstrare
1241 4089 1457 4153 conati
1514 4089 1744 4169 simuS,
1809 4090 2045 4173 quibus
2091 4089 2171 4154 de
2215 4091 2428 4154 causis
2470 4089 2716 4154 factum

332 4198 658 4275 videatur,
716 4203 790 4262 ut
833 4200 1008 4282 apud
1050 4201 1394 4265 nonnullos
1436 4202 1765 4285 principes
1809 4207 2033 4266 tantus
2073 4222 2382 4266 numerus
2429 4202 2715 4265 ominum

332 4310 588 4392 imperii
645 4318 1186 4377 commemoratus
1250 4314 1651 4396 reperiatur,
1725 4313 1899 4396 apud
1961 4312 2326 4396 complures
2399 4308 2561 4376 alios
2618 4319 2718 4376 tot

332 4424 679 4505 praesagia
724 4424 953 4486 mortis
1001 4430 1363 4488 occurrant.

2227 4525 2297 4577 l*
