3167 5067
1457 354 1881 413 -23-

477 517 720 601 („haud
767 517 1143 600 ambiguum
1189 541 1476 582 summae
1524 519 1777 602 imperii
1822 520 2133 601 signun1‘²‚
2182 525 2255 582 ut
2294 520 2641 583 Suetonius
2673 520 2866 603 dicit)

889 629 975 693 ib.
1015 635 1111 694 lo.
1158 680 1219 708 „.
1247 680 1259 693 .
1287 681 1300 693 .
1344 636 1644 714 repertus
1686 635 1786 695 est
1817 630 2049 694 anulus
2083 652 2281 713 opere
2312 632 2600 714 antiquo,
2649 632 2866 716 scalp-

785 746 939 806 tura
984 762 1275 825 gemmae
1318 743 1677 807 Victoriam
1725 764 1869 806 cum
1914 747 2187 825 tropaeo
2237 743 2676 825 exprimente“

890 853 1372 933 „Alexandrina
1429 854 1611 919 navis
1659 854 2002 919 Dertosam
2059 854 2315 938 appulit
2359 857 2558 920 armis
2605 862 2865 935 onusta,

788 966 925 1030 sine
971 965 1409 1049 gubernatore
1456 973 1598 1030 ...“
1646 967 1796 1052 (Dio
1841 966 1927 1031 ib.
1982 973 2033 1031 1·.
2083 969 2148 1048 2)

888 1077 1045 1142 ibid.
1092 1085 1149 1143 9.
1215 1077 1769 1157 „confirmabatur
1828 1100 1973 1143 cum
2020 1080 2502 1144 secundissimis
2549 1080 2866 1163 auspiciis

827 1239 883 1254 ..
928 1189 1196 1272 virginis
1257 1187 1571 1255 honestae
1632 1191 2096 1255 vaticinatione
2146 1241 2159 1255 .
2187 1242 2200 1255 .
2227 1241 2240 1255 .
2289 1192 2608 1256 oriturum
2654 1212 2863 1274 quan-

784 1301 997 1385 doque
1051 1323 1131 1365 ex
1175 1302 1494 1386 Hispania
1537 1303 1900 1387 principem
1947 1303 2407 1387 dominumque
2447 1310 2707 1368 rerum“

683 1414 900 1477 Etiam
946 1414 1175 1479 mortis
1221 1415 1407 1497 signa
1449 1413 1654 1478 multa
1700 1416 1759 1479 ei
1806 1416 2212 1480 exstiterunt.

681 1525 826 1590 Non
872 1526 1191 1592 diutinum
1238 1525 1527 1591 futurum
1585 1548 1728 1591 esse
1775 1527 1912 1591 eius
1956 1528 2323 1612 imperium,
2383 1530 2514 1592 iam
2559 1529 2865 1593 Tiberius

476 1637 898 1720 praedixerat
913 1663 927 1702 ε

887 1749 1037 1814 Tac.
1087 1772 1231 1815 ann.
1280 1751 1382 1816 VI.
1431 1757 1532 1817 20.
1592 1772 1843 1830 „seram
1889 1773 1968 1815 ac
2012 1752 2274 1816 brevem
2319 1753 2681 1835 potentiam
2730 1752 2864 1836 sig-

782 1861 1094 1927 nificans‘⁶

681 1973 1033 2038 Praeterea
1078 1975 1324 2039 tradita
1369 1983 1520 2040 sunt
1561 1976 1756 2041 haec:

886 2087 1060 2150 Suet.
1109 2087 1184 2151 G.
1234 2093 1325 2153 18.
1389 2110 1572 2167 „cum
1634 2110 1753 2172 per
1799 2110 1986 2153 omne
2042 2089 2169 2152 iter
2214 2138 2229 2152 .
2258 2139 2271 2152 .
2299 2139 2312 2153 .
2359 2090 2659 2154 victimae
2707 2111 2857 2154 cae·

783 2198 1110 2277 derentur,
1155 2204 1386 2264 taurus
1423 2201 1668 2265 securis
1712 2201 1847 2265 ictu
1880 2205 2334 2266 consternatus
2370 2207 2564 2284 rupto
2598 2201 2858 2266 vinculo

784 2310 1082 2374 essedum
1141 2313 1278 2377 eius
1337 2312 1576 2376 invasit
1636 2313 1956 2396 elatisque
2014 2313 2291 2397 pedibus
2349 2319 2560 2378 totum
2622 2335 2858 2378 cruore

784 2421 1111 2512 perfudit“

885 2534 1422 2613 „descendentem
1499 2538 1874 2621 speculator
1960 2538 2243 2622 impulsu
2317 2538 2552 2603 turbae
2626 2538 2859 2603 lancea

780 2667 986 2730 prope
1031 2648 1431 2713 vulneravit“

886 2758 1152 2838 „urbem
1217 2783 1474 2844 quoque
1531 2768 1598 2827 et
1660 2762 1892 2828 deinde
1947 2764 2272 2828 Palatium
2333 2765 2696 2846 ingressum
2743 2785 2855 2828 ex-

782 2871 955 2954 cepit
999 2877 1215 2937 terrae
1259 2879 1505 2939 tremor
1551 2880 1618 2939 et
1651 2875 1953 2940 assimilis
1998 2877 2260 2959 quidam
2294 2877 2573 2960 mugitui
2619 2882 2853 2941 sonus“

881 2984 1156 3063 „monile
1277 2986 1363 3049 ad
1387 2987 1745 3051 ornandam
1772 2988 2127 3052 Fortunam
2159 3010 2343 3053 suam
2454 2994 2851 3069 secreverat3

780 3095 865 3159 id.
913 3146 926 3159 .
953 3146 965 3159 .
996 3145 1010 3160 .
1057 3096 1461 3181 Capitolinae
1507 3100 1745 3164 Veneri
1790 3100 2149 3179 dedicavit,
2196 3122 2275 3164 ac
2319 3101 2619 3185 proxima
2662 3108 2852 3165 nocte

779 3209 1122 3274 somniavit
1153 3211 1434 3293 speciem
1470 3211 1798 3276 Fortunae
1847 3261 1860 3275 .
1889 3260 1902 3275 .
1931 3262 1944 3277 .
1986 3212 2423 3296 minantisque
2476 3218 2850 3297 erepturam

781 3369 794 3383 .
826 3370 889 3386 ..
938 3341 1106 3403 quae
1160 3321 1466 3387 dedisset.
1557 3323 1846 3406 Cumque
1905 3325 2258 3390 exterritus
2312 3325 2458 3389 luce
2500 3326 2711 3408 prima
2756 3372 2770 3387 .
2797 3373 2850 3386 ..

780 3430 1131 3496 Tusculum
1178 3435 1689 3515 excucurrisset,
1748 3433 1909 3500 nihil
1953 3437 2199 3502 invenit
2257 3442 2519 3520 praeter
2561 3435 2852 3518 tepidam

778 3543 846 3607 in
891 3565 1009 3608 ara
1070 3544 1359 3610 favillam
1420 3552 1837 3632 atratumque
2024 3570 2240 3613 senem
2289 3598 2302 3613 .
2325 3598 2339 3613 .
2368 3598 2381 3611 .
2426 3547 2579 3612 thus
2628 3552 2852 3612 tenen-

780 3662 912 3721 tem
958 3707 970 3721 .
998 3707 1011 3721 .
1037 3663 1091 3721 .“

884 3769 1340 3849 „observatum
1401 3820 1456 3834 ..
1485 3821 1526 3850 .,
1602 3772 1703 3835 Kl.
1749 3772 1883 3836 Ian.
1944 3772 2343 3837 sacrificanti
2405 3794 2709 3839 coronam
2773 3772 2854 3836 de

782 3882 996 3965 capite
1043 3882 1379 3962 excidisse,
1427 3885 1796 3967 auspicanti
1835 3884 2049 3968 pullos
2093 3885 2427 3950 avolasse“

883 3994 1293 4077 „adoptionis
1335 3995 1438 4059 die
1483 4016 1694 4078 neque
1738 3995 1976 4060 milites
2023 3996 2409 4061 adlocuturo
2456 4003 2855 4061 castrensem

779 4103 1004 4169 sellam
1051 4105 1131 4170 de
1176 4127 1355 4171 more
1399 4109 1679 4190 positam
1703 4130 1823 4191 pro
1855 4108 2186 4186 tribunali,
2235 4107 2456 4173 oblitis
2501 4110 2854 4174 ministris“

883 4223 990 4297 „et
1030 4218 1098 4282 in
1143 4225 1374 4283 senatu
1421 4220 1710 4284 curulem
1755 4241 2060 4303 perverse
2107 4220 2533 4286 collocatam“

881 4328 968 4394 ib.
1023 4336 1119 4396 19.
1197 4333 1417 4415 „prius
1479 4353 1633 4397 vero
1679 4352 1873 4415 quam
1920 4332 2331 4398 occideretur
2378 4333 2857 4398 sacrificantem

778 4463 967 4506 mane
1011 4442 1341 4527 haruspex
1398 4444 1754 4509 identidem
1814 4445 2094 4520 monuit,
2164 4450 2427 4511 caveret
2475 4444 2857 4530 periculum,
