3167 5067
1222 347 1656 407 ...49-

239 514 338 579 of.
377 514 522 596 quid
561 514 844 592 Tanitmz,
888 534 1033 578 ann.
1081 514 1249 578 XIV.
1298 519 1416 592 22,
1483 514 1563 578 de
1610 519 1866 579 cometa
1911 513 2102 578 stella
2147 514 2353 579 dieat:
2419 515 2629 594 „inter

238 647 416 710 quae
460 632 525 691 et
571 626 749 714 sidus
794 631 1079 691 cometes
1110 625 1370 705 effulsit,
1420 626 1500 690 de
1546 647 1676 708 quo
1705 626 1880 708 vulgi
1906 626 2124 710 opinio
2160 631 2261 691 est
2293 625 2642 709 tamquam

235 738 663 803 mutationem
705 739 878 821 regis
923 738 1345 823 portendatff‘)

653 851 970 935 „vestigia
1014 850 1282 915 deorum
1331 851 1398 915 in
1444 850 1586 914 foro
1630 850 1769 914 visa
1814 855 1965 914 sunt
2011 851 2355 915 exeuntia“

655 968 760 1043 „et
804 968 956 1027 ante
998 962 1240 1028 bellum
1284 962 1694 1027 desertorum
1740 962 1988 1028 caelum
2034 963 2234 1026 arsit“

653 1081 759 1155 „et
814 1076 1156 1158 repentina
1225 1075 1436 1160 caligo
1515 1096 1594 1139 ac
1653 1074 1927 1140 tenebra
1981 1075 2047 1139 in
2107 1076 2279 1139 circo
2343 1073 2630 1139 calendis

551 1188 872 1253 Ianuariis
918 1187 1192 1253 oborta“
1262 1197 1265 1200 '

653 1300 774 1378 „de
817 1300 1073 1364 Palatio
1111 1300 1252 1383 ipse
1306 1299 1391 1364 ad
1438 1299 1729 1364 Caelium
1773 1303 2057 1364 montem
2103 1299 2171 1363 in
2226 1299 2621 1365 Vectilianas

551 1411 747 1476 aedes
792 1411 1099 1494 migravit
1139 1433 1405 1494 negan8‚
1450 1433 1519 1476 se
1563 1413 1632 1475 in
1673 1411 1927 1476 Palatio
1971 1432 2163 1495 posse
2210 1411 2533 1476 dormire“

653 1524 890 1603 „Ianus
937 1525 1230 1606 geminus
1276 1545 1396 1588 sua
1443 1529 1674 1608 sponte
1720 1529 1987 1607 apertus
2034 1529 2171 1587 est“

657 1642 762 1716 „et
823 1636 1070 1701 Anubis
1133 1637 1549 1702 simulacrum
1618 1656 2052 1700 marmoreum
2114 1635 2360 1700 moveri
2418 1635 2627 1699 visum

24 1747 27 1834 ξ
553 1753 690 1813 est“

654 1860 995 1940 „Herculis
1071 1862 1326 1945 signum
1388 1882 1663 1926 aeneum
1726 1860 1987 1926 sudavit
2041 1861 2110 1924 in
2171 1859 2458 1925 Minucia
2514 1880 2633 1943 per

554 1972 774 2056 plures
820 1973 999 2038 dies“

656 2085 895 2150 Herod.
950 2086 998 2150 Ι.
1050 2092 1146 2151 14.
1199 2093 1251 2151 1.
1333 2083 1467 2177 ζῷά
1531 2111 1601 2152 τε
1663 2093 1952 2152 παντοῖα
2007 2086 2119 2151 καὶ
2178 2083 2306 2170 τὴν
2368 2084 2631 2151 ἑαυτῶν

555 2196 763 2283 φύσιν
822 2197 916 2285 μὴ
962 2207 1301 2284 τηροῦντα
1346 2195 1629 2284 σχήμασί
1688 2222 1757 2263 τε
1804 2193 2208 2275 άλλοδαποῖς
2251 2197 2362 2263 καὶ
2406 2196 2633 2283 μέρεσι

553 2307 854 2396 σώματος
895 2306 1338 2396 ἀναρμόστοις
1380 2308 1696 2389 πολλάκις
1739 2306 2115 2396 ἆπεκυήθη.

1227 2510 1655 2574 Pertinax.

475 2647 787 2711 Pertinax
855 2647 1165 2711 nonnulla
1231 2648 1448 2712 omina
1515 2652 1582 2710 et
1643 2647 1900 2729 imperii
1967 2644 2171 2709 futuri
2239 2650 2305 2710 et
2373 2644 2634 2709 futurae

227 2761 472 2826 mortis
521 2759 789 2842 aceepit.

656 2872 780 2935 Dio
839 2871 1009 2955 Epit.
1059 2871 1346 2936 LXXIII.
1408 2878 1465 2935 4.
1520 2877 1732 2935 1-4.
1843 2871 1936 2937 ἔτι
2005 2870 2076 2937 δὲ
2149 2866 2344 2949 ὄντος
2414 2866 2631 2937 αὐτοῦ

555 2985 1023 3069 (Περτίνακος)
1069 2982 1143 3050 ἐν
1186 2987 1553 3074 Βρεττανίᾳ
1744 2987 1944 3061 ἵππος
1989 3008 2086 3061 τις
2134 2979 2348 3069 ὄνομα
2396 2985 2629 3066 Περτί-

554 3097 673 3175 ναξ
730 3096 1038 3182 ἐνίκησεν
1082 3094 1156 3162 ἐν
1199 3105 1282 3185 τῇ
1330 3094 1578 3182 Ῥώμῃ·
1646 3086 1730 3182 ἦν
1788 3096 1860 3162 δὲ
1923 3103 2061 3161 τῶν
2116 3098 2464 3178 πρασίνων
2521 3095 2633 3160 καὶ

555 3205 686 3275 ὑπὸ
731 3217 858 3275 τοῦ
903 3206 1269 3294 Κομμόδου
1330 3206 1794 3287 ἐσπουδάζετο.
1861 3216 2000 3274 τῶν
2057 3196 2185 3273 οὗν
2244 3214 2634 3273 στασιωτῶν

554 3317 768 3388 αὐτοῦ
810 3321 978 3406 με’γα
1022 3316 1572 3405 ἀναβοησάντων,
1619 3320 1729 3386 καὶ
1777 3318 2109 3387 εἰπόντων
2153 3326 2378 3399 τοῦτο,
2441 3322 2633 3403 ’Περ-

555 3434 739 3513 τίναξ
787 3431 1009 3512 ἐστίν’,
1054 3435 1120 3499 οἱ
1163 3432 1375 3516 ἕτεροι
1421 3435 1487 3498 οἱ
1511 3428 2055 3500 ἀντιστασιασταί
2097 3450 2313 3516 σφων,
2359 3427 2468 3498 οἷά
2497 3455 2634 3498 που

556 3542 922 3631 ἀχθόμενοι
966 3553 1060 3634 τῷ
1119 3544 1489 3634 Κομμόδῳ,
1548 3544 2127 3629 προσεπεύξαντο,
2193 3543 2491 3623 εἰπόντες
2551 3539 2637 3610 οὐ

554 3655 718 3741 πρὸς
762 3655 884 3725 τὸν
928 3661 1137 3724 ἵππον
1180 3653 1344 3722 ἀλλὰ
1389 3656 1555 3741 πρὸς
1610 3656 1733 3725 τὸν
1791 3653 2006 3740 ἄνδρα
2051 3658 2131 3722 (εἰ
2175 3655 2303 3742 γὰρ
2351 3652 2634 3739 ὤφειλεν

34 3731 41 3968 b
557 3766 762 3837 εἶναι’.
811 3766 1098 3854 ὕστερον
1138 3769 1209 3835 δὲ
1254 3765 1377 3835 τὸν
1426 3765 1639 3836 αὐτὸν
1677 3777 1928 3836 τοῦτον
1971 3772 2180 3835 ἵππον
2227 3821 2240 3834 .
2270 3819 2325 3834 ..
2375 3764 2411 3832 ὁ
2460 3765 2633 3853 Κόμ·

552 3885 757 3965 μοδος
955 3880 1282 3967 ἐσήγαγεν
1343 3879 1409 3959 ἐς
1467 3878 1592 3947 τὸν
1636 3879 2059 3967 ἱππόδρομον
2256 3880 2367 3946 καὶ
2422 3875 2634 3946 αὐτὸν

555 3996 619 4058 οἱ
662 3989 1017 4078 ἅνθρωποι
1079 3991 1389 4079 ἐξαπίνης
1447 3991 1706 4073 ἰδόντες
1751 3989 2130 4079 ἀνεβόησαν
2189 3980 2390 4071 αὖθις
2441 3996 2632 4076 (Περ-

552 4108 738 4186 τίναξ
782 4104 957 4173 ἐστί’.
1001 4106 1112 4171 καὶ
1161 4095 1246 4192 ἦν
1287 4105 1411 4191 μέν
1450 4128 1585 4173 που
1629 4104 1955 4192 μαντικὸν
2013 4100 2180 4171 αὐτὸ
2235 4100 2383 4171 καθ’
2432 4102 2633 4171 ἑαυτὸ

551 4216 628 4284 τὸ
662 4217 922 4304 λεχθέν,
968 4215 1196 4303 ἐπειδὴ
1224 4225 1307 4304 τῇ
1343 4216 1583 4304 ἐσχάτῃ
1631 4218 1705 4284 ἐν
1740 4226 1834 4308 τῷ
1878 4217 2008 4284 ἔτει
2048 4217 2279 4306 ἐκείνῳ
2316 4218 2630 4300 ἱπποδρο-
2728 4249 2738 4258 ·

550 4333 667 4419 μία
713 4329 997 4415 ἐγένετο,
1043 4330 1152 4396 καὶ
1197 4325 1406 4408 εὐθὺς
1444 4325 1535 4396 ἐπ’
1574 4325 1748 4417 αὐτῇ
1793 4328 1870 4396 τὸ
1911 4327 2153 4413 κράτος
2196 4328 2262 4407 ἐς
2305 4325 2426 4395 τὸν
2462 4336 2631 4412 Περ·

550 4445 785 4509 τίνακα
830 4447 1194 4526 περιῆλθεν

2111 4546 2148 4595 4
