3167 5067
1537 337 1968 398 „35-

769 499 914 567 Duo
987 504 1180 569 modo
1239 503 1685 584 adducuntur,
1752 525 2150 587 quamquam
2221 527 2299 568 ex
2375 506 2668 571 Suetonii
2730 507 2955 572 verbis

564 616 777 681 elucet
824 616 1186 700 compluria
1230 638 1371 682 esse
1417 616 1615 681 faeta.
1702 617 2008 700 Legimus
2057 617 2234 702 apud
2274 619 2680 683 Suetonium:

976 730 1165 813 Vesp.
1215 735 1315 794 23.
1405 751 1596 809 „nam
1650 751 1796 794 oum
1874 731 2046 795 inter
2117 735 2340 795 cetera
2399 731 2699 814 prodigia
2764 732 2953 796 Mau-

870 843 1116 907 soleum
1164 842 1516 925 derepente
1561 843 1920 924 patuisset“
1972 843 2125 927 (Dio
2173 843 2289 925 Ep.
2336 842 2497 907 LVI.
2551 848 2647 908 17.
2697 845 2784 925 2.)

975 960 1081 1034 „et
1125 953 1319 1020 stella
1364 954 1600 1020 crinita
1642 955 1708 1018 in
1760 954 1941 1019 eaelo
1987 955 2440 1038 apparuisset“
2489 955 2642 1039 (Dio
2677 956 2792 1039 Ep.
2828 956 2951 1035 ib.;

875 1069 1024 1131 Aur.
1070 1067 1236 1132 Viot.
1278 1066 1450 1149 Epit.
1503 1068 1628 1151 19).

1625 1266 1882 1331 Titus.

766 1405 986 1475 Pauca
1028 1404 1444 1470 inveniuntur
1504 1409 1570 1468 et
1615 1405 1871 1488 imperii
1917 1410 1982 1469 et
2029 1406 2257 1469 mortis
2302 1405 2565 1470 futurae
2614 1407 2818 1490 signa.

653 1533 657 1537 ’
765 1520 839 1583 In
899 1517 1221 1582 ominibus
1279 1517 1534 1601 imperii
1591 1514 1963 1582 habendum
2020 1523 2120 1582 est
2181 1517 2343 1582 illud
2400 1519 2752 1599 somnium,
2815 1539 2945 1601 quo

559 1632 962 1715 Vespasiano
1008 1628 1476 1695 ostendebatur
1520 1650 1590 1694 se
1636 1628 1970 1710 oumfiliis
2006 1635 2259 1694 tantum
2295 1631 2607 1713 temporis
2655 1633 2940 1715 spatium

557 1746 1031 1828 imperaturum
1103 1763 1279 1821 esse,
1367 1747 1681 1824 quantum
1751 1741 2060 1807 Claudius
2134 1748 2201 1806 et
2276 1742 2448 1807 Nero
2523 1744 2944 1827 regnaverint

558 1857 762 1940 (Suet.
810 1857 1000 1939 Vesp.
1049 1861 1159 1936 253
1201 1854 1592 1919 adduximus
1635 1854 1797 1918 illud
1839 1855 2157 1919 somnium
2196 1875 2344 1938 pag.
2394 1855 2522 1937 35).

762 1970 837 2033 In
878 1967 1122 2051 templo
1169 1987 1427 2050 quoque
1470 1967 1759 2050 Paphiae
1789 1967 2058 2032 Veneris
2102 1963 2393 2031 futurum
2431 1969 2776 2052 imperium
2815 1989 2939 2052 per

558 2084 930 2148 Sostratum¹
985 2079 1392 2144 sacerdotem
1444 2079 1592 2143 Tito
1651 2080 2185 2163 praenuntiatum
2247 2100 2387 2144 esse
2448 2080 2704 2146 videtur
2760 2081 2943 2163 (Tae.

555 2194 705 2260 hist.
749 2194 829 2259 Π.
876 2194 962 2276 4).

763 2306 905 2370 Hoc
946 2304 1092 2369 loeo
1137 2304 1335 2368 etiam
1388 2304 2024 2369 commemorandum
2088 2303 2245 2368 mihi
2292 2304 2550 2370 videtur
2596 2305 2940 2388 Vespasia-

555 2428 706 2483 num
766 2418 847 2494 de
884 2425 1171 2481 suorum
1234 2416 1535 2497 genitura
1593 2421 1729 2481 tam
1800 2422 2048 2481 certum
2115 2437 2370 2500 semper
2431 2416 2663 2497 fuisse,
2739 2423 2812 2481 ut
2874 2417 2938 2480 in

555 2535 787 2621 senatu
847 2528 1273 2593 affirmaverit
1344 2533 1460 2593 aut
1516 2529 1686 2594 filios
1754 2527 1880 2593 sibi
1942 2548 2361 2593 successuros
2440 2535 2556 2594 aut
2617 2530 2932 2593 neminem

555 2643 759 2726 (Suet.
806 2642 998 2725 Vesp.
1047 2648 1159 2722 253
1205 2641 1561 2725 Eutropius
1610 2640 1779 2726 XX).

764 2756 927 2818 Ante
971 2753 1109 2818 eius
1154 2759 1427 2818 mortem
1489 2754 1618 2818 duo
1661 2753 1963 2837 prodigia
2018 2752 2335 2817 accidisse
2382 2754 2732 2836 Suetonius
2777 2776 2930 2818 nun·

552 2867 692 2945 tiat‚
740 2876 909 2947 qua'e
954 2866 1137 2930 Titus
1185 2867 1325 2948 ipse
1369 2866 1555 2948 signa
1599 2866 1887 2929 infausta
1933 2866 2437 2930 existimaverit:

688 2969 689 2972 ¹
966 2978 1088 3043 Tit.
1138 2984 1233 3043 10.
1310 2977 1744 3057 „sacrificanti
1789 2977 2007 3043 hostia
2052 2977 2438 3059 aufugerat‘·

965 3095 1390 3173 „tempestate
1434 3111 1665 3155 serena
1709 3094 2055 3156 tonuerati‘

1466 3289 2019 3354 Domitianus

648 3457 652 3466 ⁴
755 3424 1021 3511 Imperii
1066 3428 1282 3493 omina
1326 3448 1677 3512 perpauca,
1722 3429 1929 3492 multa
1971 3427 2199 3491 mortis
2244 3427 2624 3511 reperimus

757 3541 855 3604 De
919 3541 1318 3623 Vespasiano
1385 3539 1669 3605 filiorum
1742 3541 2044 3622 genitura
2118 3540 2287 3604 freto
2350 3540 2619 3622 eiusque
2689 3541 2928 3605 somnio

552 3652 756 3737 (Suet.
806 3654 994 3736 Vesp.
1046 3658 1160 3733 253
1207 3652 1475 3736 Eutrop.
1522 3653 1673 3736 XX)
1720 3674 1920 3736 supra
1965 3652 2230 3734 egimuS.

759 3766 918 3830 Cum
963 3766 1032 3829 L.
1079 3765 1416 3844 Antonius,
1464 3764 1575 3847 qui
1620 3764 1881 3829 bellum·
1909 3764 2093 3829 civile
2127 3770 2441 3843 moverat,
2487 3764 2699 3829 vietus
2745 3770 2929 3842 esset,

552 3877 632 3943 de
676 3879 802 3942 hac
845 3878 1122 3942 victoria
1178 3877 1539 3960 praesagiis
1604 3877 1948 3942 certiorem
2010 3876 2259 3941 factum
2307 3897 2447 3941 esse
2493 3876 2930 3941 Domitianum

552 3991 920 4069 Suetoniu8‚
971 3990 1155 4053 Dom.
1204 3995 1260 4068 6,
1308 3994 1566 4054 narrat:

965 4102 1147 4184 „ipso
1209 4122 1337 4183 quo
1388 4100 1768 4165 dimicatum
1830 4106 1978 4165 erat
2030 4100 2134 4164 die
2169 4106 2465 4165 statuam
2507 4100 2646 4164 eius
2691 4101 2932 4165 Romae

859 4214 1129 4297 insignis
1175 4212 1397 4296 aquila
1429 4213 1870 4295 circumplexa
1907 4212 2121 4295 pinnis
2157 4213 2493 4295 clangores
2536 4212 2931 4277 laetissimos

861 4325 1098 4406 edidit3
1158 4325 1513 4409 pauloque.
1563 4329 1716 4407 post
1760 4325 2043 4389 occisum
2091 4325 2440 4390 Antonium
2498 4324 2663 4388 adeo
2710 4326 2931 4407 vulga-
3013 4333 3018 4337 “
