3167 5067
1557 372 1986 430 ...10-

577 538 846 602 insidias
892 538 1016 602 sibi
1064 538 1321 621 parari,
1369 539 1806 619 cognovisset,
1871 539 2153 602 animum
2202 560 2576 602 recreavere
2624 538 2990 603 secundis-

580 650 749 713 sima'
789 650 1081 732 auspicia
1126 654 1193 713 et
1234 650 1513 713 maxime
1554 650 1819 731 virginis
1865 650 2176 713 honestae
2223 650 2598 714 vaticinatio
2625 650 2693 732 1).

754 761 968 824 Etiam
1029 760 1199 825 Otho
1263 761 1540 825 maxime
1597 761 2203 825 mathematicorum
2260 760 2830 842 praedictionibus
2884 764 2991 825 in-

582 873 819 936 citatus
850 877 950 936 est
978 872 1061 936 ad
1092 873 1529 956 principatum
1561 871 2017 955 appetendum,
2060 871 2232 954 quod
2270 871 2444 953 apud
2480 872 2882 937 Suetonium
2910 873 2991 957 2),

582 983 877 1047 Tacitum
901 982 973 1067 2),
1019 983 1440 1048 Plutarchum
1463 984 1536 1067 Β),
1572 982 2006 1048 nobilissimos
2038 983 2269 1062 fonteS,
2303 984 2676 1048 accuratius
2708 990 2777 1049 et
2810 984 2990 1049 ube-

577 1095 713 1159 rius
753 1099 1108 1159 tractatum
1152 1095 1369 1178 legere
1414 1095 1585 1159 licet.

785 1206 1174 1270 Iudaeorum
1232 1227 1533 1288 magnam
1593 1206 2006 1284 seditionem,
2068 1226 2235 1288 quae
2295 1210 2523 1289 postea
2567 1227 2607 1270 a
2652 1206 2805 1271 Tito
2866 1229 2988 1271 ex-

580 1317 820 1381 stincta
877 1322 1010 1396 est,
1084 1317 1246 1381 nihil
1309 1338 1513 1400 aeque
1569 1317 2085 1381 inflammaverat
2130 1322 2196 1380 et
2248 1322 2557 1397 auxerat,
2633 1339 2711 1381 ac
2774 1324 2988 1383 vetus

580 1427 694 1491 illa
753 1429 1161 1493 vaticinatio:
1229 1428 1402 1507 fore,
1464 1434 1540 1493 ut
1599 1450 1676 1492 eo
1743 1434 2035 1511 tempore
2094 1427 2338 1492 Iudaea
2394 1429 2674 1512 profecti
2740 1437 2988 1494 rerum

578 1540 946 1622 potirentur
963 1539 1047 1622 3),
1095 1545 1161 1603 et
1204 1539 1674 1623 prophetarum
1717 1539 2029 1605 falsorum
2073 1540 2676 1622 praenuntiationes
2722 1540 2986 1605 adhor-

580 1651 988 1733 tationesque
1008 1650 1098 1733 4);
1146 1656 1343 1734 atque
1385 1651 1710 1715 versimile
1753 1656 1852 1714 est
1881 1650 2330 1733 Hierosolyma
2369 1671 2498 1714 non
2539 1650 2758 1715 deleta
2798 1674 2985 1731 esse,

579 1761 704 1825 nisi
759 1761 985 1826 Iudaei
1049 1762 1506 1844 superstitione
1566 1767 1633 1826 et
1691 1760 2328 1844 praenuntiationum
2397 1761 2640 1825 fidncia
2700 1761 2982 1846 decepti

581 1871 767 1936 obliti
814 1876 1060 1952 essent,
1108 1878 1510 1957 quantopere
1555 1873 1843 1955 ipsorum
1889 1892 2043 1955 opes
2088 1893 2127 1935 a
2172 1871 2612 1936 Romanorum
2656 1874 2978 1958 potentia

583 1988 1067 2067 superarentur.
1174 2041 1180 2046 .

788 2096 1224 2178 Vespasianus
1286 2116 1544 2179 quoque
1603 2097 1669 2160 in
1730 2096 1821 2160 eis
1875 2094 2214 2160 habendus
2275 2100 2375 2159 est
2428 2095 2975 2177 imperatoribuS,

582 2228 858 2288 quorum
904 2207 1152 2270 animos
1194 2207 1474 2271 maxime
1517 2206 1700 2285 fides,
1747 2216 1947 2288 quam‘
1988 2205 2578 2285 vaticinationibuS‚
2624 2207 2978 2291 prodigiiS,

582 2316 992 2382 oraculorum
1037 2317 1363 2400 responsis
1411 2317 1764 2397 habebant,
1811 2319 1906 2381 ita
1953 2316 2388 2394 confirmavit,
2451 2323 2523 2380 ut
2564 2324 2979 2401 potestatem

579 2428 1067 2510 imperatoriam
1115 2427 1426 2492 affectare
1469 2428 1890 2510 susciperent.
1982 2429 2389 2509 Quamquam
2419 2428 2702 2511 scriptor
2745 2430 2977 2494 nullus

582 2577 665 2586 —
711 2545 982 2622 excepto
1027 2539 1256 2603 Orosio
1278 2537 1330 2622 5)
1383 2576 1467 2586 —-
1515 2538 1732 2603 claris·
1770 2539 2162 2621 directisque
2207 2538 2423 2603 verbis
2456 2521 2757 2629 *affirmat
2803 2542 2968 2606 Ves-

581 2651 923 2734 pasianum
998 2651 1276 2715 maxime
1366 2652 1650 2715 ominum
1718 2650 2302 2734 pollicitationibus
2374 2651 2714 2715 incitatum
2800 2675 2973 2730 esse,

581 2767 799 2825 tamen
843 2783 981 2826 rem
1037 2762 1133 2825 ita
1183 2783 1323 2825 sese
1368 2762 1613 2827 habere
1660 2784 1694 2826 e
1737 2764 2127 2846 scriptorum
2190 2762 2405 2826 verbis
2460 2763 2620 2827 satis
2678 2762 2974 2828 dilucide

591 2878 883 2956 apparet.
975 2874 1298 2951 Quantam
1355 2873 1659 2938 fiduciam
1714 2874 2151 2957 Vespasianus
2211 2873 2576 2938 futurorum
2640 2896 2973 2957 praenun-

586 2984 967 3049 tiationibus
1025 2985 1269 3049 habere
1327 2985 1555 3050 solitus
1612 2986 1723 3065 sit,
1781 2986 2001 3049 nescio
2047 3006 2130 3048 an
2189 2985 2346 3068 quid
2388 2985 2617 3049 melius
2661 2985 2972 3064 illustret,

589 3116 785 3178 quam
832 3095 1034 3161 verba
1080 3096 1291 3162 Taciti
1309 3098 1396 3182 6),
1457 3098 1568 3180 qui
1616 3095 1804 3161 dicit:
1852 3117 2009 3176 „nec
2056 3101 2201 3161 erat
2243 3097 2528 3161 intactus
2568 3096 2687 3160 tali
2732 3117 2969 3180 super·

793 3348 843 3414 l)
884 3345 1039 3400 Suet.
1085 3346 1263 3400 Galba
1299 3350 1346 3400 9.

788 3433 844 3500 2)
883 3430 1036 3486 Suet.
1079 3432 1228 3485 Otho
1264 3435 1299 3486 4
1336 3473 1397 3500 „.
1421 3473 1432 3484 .
1457 3473 1468 3485 .
1508 3449 1666 3501 spem
1714 3432 1934 3500 imperii
1986 3431 2136 3500 cepit
2189 3448 2446 3499 magnam
2499 3429 2722 3497 quidem
2782 3434 2841 3483 et
2897 3448 2968 3483 ex

585 3517 906 3571 conditione
944 3521 1276 3587 temporum,
1317 3518 1415 3571 sed
1449 3518 1733 3585 aliquanto
1769 3518 2036 3570 maiorem
2084 3535 2154 3570 ex
2190 3516 2555 3570 affirmatione
2593 3513 2817 3568 Seleuci
2854 3534 2968 3568 ma-

585 3604 940 3672 thematici“;
977 3603 1108 3657 Tac.
1145 3604 1272 3657 hist.
1309 3603 1356 3657 Ι.
1394 3606 1493 3671 22,
1531 3602 1679 3656 Plut.
1718 3601 1896 3656 Galba
1931 3604 2014 3656 23.
2069 3673 2078 3679 .

790 3693 845 3759 3)
884 3690 1040 3744 Suet.
1076 3690 1248 3759 Vesp.
1284 3692 1347 3758 43
1383 3688 1516 3743 Tac.
1554 3690 1681 3742 hist.
1721 3688 1789 3741 V.
1831 3692 1920 3756 133
1960 3689 2117 3742 Oros.
2155 3686 2293 3742 VII.
2331 3691 2379 3741 9.
2416 3689 2466 3739 2.

789 3779 846 3846 4)
884 3777 997 3830 Ios·
1050 3777 1177 3831 bell.
1230 3775 1352 3829 Iud.
1394 3775 1471 3829 II.
1514 3779 1592 3829 13.
1629 3778 1664 3829 4
1723 3770 1926 3827 πλάνοι
1974 3770 2081 3841 γάρ
2134 3767 2436 3840 ἄνθρωποι
2481 3771 2575 3825 καὶ
2629 3765 2965 3837 ἀπατεῶνες,

587 3860 928 3931 προσχήματι
963 3863 1236 3929 θειασμοῦ
1275 3858 1671 3928 νεωτερισμούς
1706 3859 1798 3913 καὶ
1833 3857 2141 3929 μεταβολὰς
2194 3854 2729 3926 πραγματευόμενοι,
2769 3858 2963 3924 δαιμο-

587 3949 691 3999 νᾶν
728 3945 790 4000 τὸ
830 3949 1052 4016 πλῆθος
1090 3943 1425 4012 ἀνέπειθον,
1478 3947 1568 3999 καὶ
1605 3948 1852 4013 προῆγον
1893 3947 1973 4007 εἰς
2009 3942 2111 4013 τὴν
2149 3942 2382 4011 ἐρημίαν
2418 3938 2494 4003 ὥς
2530 3938 2645 3995 ἐκεῖ
2679 3943 2778 3994 τοῦ
2821 3942 2962 3995 θεοῦ

589 4034 869 4098 δείξοντος
919 4026 1119 4095 αὐτοῖς
1169 4038 1367 4101 σημεῖα
1420 4029 1756 4098 ἐλευθερίας.
1809 4032 1883 4084 ib.
1925 4034 2003 4083 13.
2041 4033 2106 4097 5;
2143 4027 2292 4083 arch.
2335 4026 2462 4080 XX.
2496 4030 2545 4081 5.
2587 4030 2648 4094 13
2688 4028 2756 4079 cf.
2798 4028 2964 4081 etiam

478 4127 487 4135 ’
586 4119 934 4187 Mommsen,
987 4118 1150 4172 Rom.
1200 4115 1399 4174 Gesch.
1447 4117 1514 4172 V.
1568 4119 1618 4169 2.
1655 4116 1803 4169 Aufl.
1844 4134 1971 4185 pag.
2011 4118 2127 4183 527,
2165 4117 2282 4181 528,
2319 4115 2435 4181 530,
2475 4116 2573 4167 531
2619 4118 2675 4168 et
2711 4113 2963 4180 Schiller,

588 4198 789 4258 Gesch.
830 4205 930 4258 der
970 4204 1132 4258 Rom.
1172 4203 1503 4272 Kaiserzeit,
1539 4220 1666 4271 pag.
1705 4205 1824 4269 387,
1862 4205 1979 4273 388.
2465 4231 2468 4234 ’

793 4292 848 4359 5)
887 4290 1044 4343 Oros.
1082 4289 1204 4342 VII
1260 4293 1307 4343 9.
1346 4293 1394 4343 3.

794 4379 848 4448 6)
884 4377 1033 4430 Hist.
1070 4375 1153 4430 II.
1190 4379 1271 4432 78,
