3167 5067
1497 301 1932 365 —52-

822 468 953 555 πρὸ
1011 478 1139 538 τοῦ
1198 474 1690 557 βουλευτηρίου
1755 470 1961 539 ἔθυεν
2023 468 2060 539 ὅ
2112 467 2478 549 Ἰουλιανὸς
2543 469 2927 555 παρόντων

829 579 1040 669 ἡμῶν,
1089 579 1540 671 ὑπῃνίττοντο

512 696 739 779 (etiam
785 695 1021 760 Iuliani
1063 701 1336 759 mortem
1383 695 1750 780 significare
1794 696 2216 776 videbantur3
2264 695 2343 760 cf.
2390 716 2539 779 pag.
2584 697 2694 780 51)

926 808 1050 872 Dio
1095 807 1212 891 Ep.
1259 807 1542 873 LXXIV.
1593 813 1649 873 3.
1700 815 1754 873 1.
1846 806 1955 876 ὅτε
2001 806 2128 894 γὰρ
2182 807 2247 886 ἐς
2289 805 2366 875 τὸ
2410 805 2917 894 βουλευτήριον

826 918 1199 1006 ἐσεγράφη,
1265 915 1432 1004 ὄναρ
1481 919 1664 1000 ἔδοξε
1725 918 2054 987 λύκαινάν
2109 945 2261 986 τινα
2321 918 2490 986 κατὰ
2548 915 2760 987 ταύτὰ
2819 929 2923 1011 τῷ

813 1029 1123 1123 Ῥωμύλῳ
1170 1030 1488 1119 θηλάζειν
1535 1032 1716 1116 (Zon.
1763 1032 1905 1097 XII.
1953 1037 2028 1112 83
2071 1031 2287 1115 Spart.
2333 1031 2475 1097 δον.
2528 1036 2579 1096 1.
2626 1033 2694 1116 8)

927 1143 1013 1208 ib.
1062 1149 1117 1209 3.
1171 1149 1223 1209 1.
1311 1144 1622 1231 μέλλοντί
1680 1170 1748 1213 τε
1809 1140 1993 1235 αὐτῷ
2037 1142 2163 1230 τὴν
2200 1139 2489 1212 Ἰουλίαν
2533 1140 2826 1230 ἄγεσθαι
2878 1142 2924 1231 ἡ

825 1263 1173 1324 Φαυστῖνα
1220 1254 1262 1343 ἡ
1305 1266 1432 1324 τοῦ
1473 1257 1768 1341 Μοὶρκου
1813 1256 1991 1343 γυνὴ
2033 1254 2156 1324 τὸν
2197 1254 2508 1343 θάλαμόν
2551 1273 2789 1341 σφισιν
2842 1257 2923 1324 ἐν

828 1377 922 1459 τῷ
964 1367 1361 1461 Ἀφροδισίῳ
1408 1377 1502 1461 τῷ
1547 1368 1715 1436 κατὰ
1759 1366 1837 1437 τὸ
1882 1366 2207 1436 παλάτιον
2251 1366 2750 1452 παρεσκεύασεν

924 1479 1012 1544 ib.
1059 1485 1116 1545 3.
1168 1486 1223 1545 2.
1314 1479 1498 1566 ὕδωρ
1555 1507 1625 1549 τε
1688 1482 1760 1549 ἐκ
1824 1489 1941 1568 τῆς
2000 1479 2215 1566 χειρὸς
2260 1475 2444 1570 αὐτῷ
2489 1479 2916 1548 καθεύδοντί

825 1617 1010 1675 ποτε,
1062 1590 1278 1677 ὥσπερ
1327 1593 1399 1662 ἐκ
1443 1602 1683 1680 πηγῆς,
1728 1589 2028 1681 ἀνεδόθη
2070 1593 2251 1676 (Zon.
2296 1591 2439 1657 XII.
2482 1594 2550 1677 8)

926 1706 1036 1773 καὶ
1096 1704 1171 1774 ε”ν
1212 1709 1632 1798 Λουγδούνῳ
1690 1702 1963 1792 ἄρχοντι
2015 1713 2193 1772 πᾶσα
2238 1700 2423 1796 αὐτῷ
2485 1701 2526 1791 ἡ
2579 1713 2720 1772 τῶν
2753 1703 2914 1773 Ῥω-

824 1821 1043 1904 μαίων
1084 1817 1365 1905 δύναμις
1418 1817 1761 1904 προσῆλθέ
1807 1843 1876 1885 τε
1921 1818 2034 1885 καὶ
2094 1813 2472 1904 ἠσπάσατο,
2519 1813 2685 1901 ὄναρ
2733 1822 2919 1905 φημί

825 1929 1005 2013 (Zon.
1052 1930 1193 1995 XII.
1239 1936 1279 1996 8
1471 1927 1513 2017 ἡ
1574 1939 1714 1999 τῶν
1762 1926 2109 2017 Ῥωμαίων
2150 1982 2163 1996 .
2195 1983 2208 1997 .
2238 1982 2252 1997 .
2295 1926 2509 2016 βουλὴ
2551 1930 2664 1997 καὶ
2709 1927 2748 1997 ὃ
2798 1934 2913 2016 δῆ-

822 2068 946 2129 μος
991 2095 1004 2109 .
1034 2095 1047 2110 .
1076 2092 1089 2106 .
1137 2038 1491 2129 ἠσπάζετο)

924 2155 1034 2222 καὶ
1078 2151 1311 2222 ἄλλοτε
1359 2151 1624 2241 ἀνήχθη
1670 2154 1735 2234 ἐς
1778 2153 2126 2240 περιωπὴν
2169 2152 2301 2222 ὑπό
2346 2179 2558 2234 τινος,
2621 2155 2733 2221 καὶ
2796 2180 2910 2222 κα-
2952 2219 2955 2223 ,

824 2274 1059 2350 θορῶν
1097 2262 1202 2333 ἀπ’
1252 2262 1460 2353 αὐτῆς
1509 2276 1732 2334 πᾶσαν
1775 2267 1899 2352 μὲν
1955 2265 2084 2352 τὴν
2145 2275 2308 2353 γῆν,
2362 2274 2586 2333 πᾶσαν
2644 2267 2716 2333 δὲ
2781 2264 2914 2352 τὴν

823 2377 1210 2459 θάλασσαν,
1250 2378 1607 2465 ’ἐφήπτετο
1665 2373 1896 2446 αὐτῶν
1937 2376 2152 2463 ὥσπερ
2208 2383 2677 2465 παναρμονίου
2723 2378 2912 2457 τινὸς

826 2485 1162 2577 ὀργάνου,
1238 2491 1348 2557 καὶ
1408 2491 1630 2559 ἐκεῖνα
1690 2490 2194 2577 συνεφθέγγετο
2255 2490 2497 2574 (Spart.
2547 2489 2687 2554 Sev.
2742 2495 2801 2555 3.
2854 2497 2909 2555 5.

824 2649 890 2681 ,‚.
917 2652 931 2665 .
957 2652 970 2666 .
1018 2601 1240 2667 orbem
1309 2608 1635 2667 terrarum
1696 2603 2099 2685 Romamque
2150 2602 2450 2685 despexit
2509 2602 2908 2666 concinenti-

823 2714 946 2779 bus
990 2715 1346 2798 provineiis
1392 2715 1537 2800 lyra
1580 2735 1738 2779 voce
1777 2714 1879 2779 vel
1924 2714 2155 2798 tibia“)

925 2826 1013 2891 ib.
1064 2832 1120 2891 3.
1170 2834 1226 2891 3.
1317 2828 1428 2894 καὶ
1473 2815 1675 2906 αὖθις
1716 2831 1925 2894 ἵππον
1971 2827 2046 2894 ἐν
2088 2835 2172 2912 τῆ
2216 2822 2432 2919 ἀγορᾷ
2497 2834 2580 2916 τῇ
2614 2823 2907 2915 Ῥωμαία

822 2936 945 3007 τὸν
985 2940 1110 3025 μὲν
1155 2943 1535 3024 Περτίνακα
1578 2936 2039 3026 ἀναβεβηκότα
2085 2934 2491 3022 ἀπορρῖψαι,
2537 2936 2788 3005 ἑαυτὸν
2834 2939 2905 3004 δὲ

824 3051 1061 3119 ἑκόντα
1126 3047 1491 3137 ἀναλαβεῖν
1547 3049 1809 3137 ἐνόμισε

515 3158 695 3247 (Zon.
743 3163 884 3228 XII.
932 3170 1008 3245 83
1067 3163 1329 3228 Herod..
1366 3163 1445 3227 ΙΙ.
1494 3169 1550 3227 9.
1600 3168 1804 3243 4--63
1852 3162 2026 3245 apud
2071 3161 2515 3226 Herodianum
2562 3162 2687 3226 hoo
2731 3182 2904 3225 som-

512 3276 691 3339 nium
725 3276 1214 3340 accuratissime
1244 3275 1645 3358 descriptum
1671 3275 1947 3358 legimus
1967 3325 1982 3353 ‚
2028 3273 2441 3339 Herodianus
2477 3274 2662 3338 addit
2705 3273 2902 3338 huius

515 3388 748 3451 somnii
794 3386 1076 3470 effigiem
1123 3407 1389 3451 aeneam
1436 3389 1785 3454 maximam
1833 3409 1874 3451 a
1917 3386 2155 3451 Severo
2202 3408 2343 3451 esse
2386 3388 2821 3469 exstructam)

928 3499 1015 3564 ib.
1085 3504 1141 3563 3.
1206 3505 1261 3564 3.
1356 3497 1535 3585 ὕπαρ
1596 3501 1667 3567 δὲ
1718 3498 1784 3579 εἷς
1843 3498 1966 3567 τὸν
2024 3497 2368 3586 βασιλικὸν
2431 3502 2683 3584 δίφρον
2733 3499 2901 3583 ἔφη·

823 3615 941 3697 βος
990 3608 1085 3680 ὢν
1128 3611 1223 3678 ἔτι
1266 3610 1507 3703 ἀγνοίᾳ
1551 3610 1878 3697 ἐνιδρύθη
1939 3611 2118 3694 (Zon.
2164 3611 2305 3675 XII.
2354 3616 2430 3692 83
2493 3610 2708 3693 Spart.
2760 3610 2900 3674 Sev.

829 3730 883 3787 l.
932 3725 999 3807 9)

927 3836 1052 3900 Dio
1098 3836 1214 3919 Ep.
1260 3835 1611 3900 LXXVIII.
1659 3841 1716 3900 8.
1765 3841 1821 3900 6.
1910 3835 2022 3902 καὶ
2067 3833 2194 3921 γὰρ
2239 3835 2492 3914 ἐκεῖνος
2534 3832 2602 3919 (ὁ
2650 3833 2821 3914 Ζεὺς
2866 3831 2901 3901 ὁ

827 3953 1043 4034 Βῆλος
1105 3942 1619 4034 ὀνομαζόμενος)
1692 3956 1787 4036 τῷ
1852 3934 2180 4038 Σεουήρῴ
2240 3947 2574 4032 πρότερον

931 4059 1349 4127 ίδιωτεύοντί
1392 4085 1464 4127 τε
1512 4060 1609 4126 ἔτι
1652 4058 1733 4125 τὰ
1773 4058 1896 4146 ἔπη
1941 4067 2153 4126 ταῦτα
2200 4058 2468 4145 εἰρήκει,

929 4167 1190 4259 ὄμματα
1237 4173 1349 4239 καὶ
1391 4170 1696 4258 κεφαλὴν
1738 4173 1955 4250 ἰ’κελος
1997 4172 2115 4237 Διὶ
2160 4195 2540 4255 τερπικερατ
2566 4193 2682 4260 vop,

911 4282 1080 4368 Ἄρεϊ
1121 4286 1198 4351 δὲ
1241 4283 1482 4370 ζώνην,
1529 4283 1812 4367 στέρνον
1856 4283 1927 4350 δὲ
1977 4283 2399 4350 Ποσειδάωνι

517 4399 587 4481 (a
632 4396 839 4461 Dione
885 4416 1078 4461 omen
1120 4396 1375 4480 imperii
1421 4394 1718 4460 habitum
1764 4416 1906 4460 esse
1950 4395 2109 4459 mihi
2155 4395 2457 4477 videtur).
