3167 5067
651 530 755 602 „et
786 546 1135 592 conversus
1171 528 1253 591 ad
1285 530 1617 612 proximos
1652 530 2021 612 affirmavit,
2052 533 2191 597 fore
2243 540 2316 598 ut
2344 556 2615 617 sequen-

547 637 598 700 ti
641 636 746 702 die
789 637 946 704 luna
990 661 1059 706 se
1103 641 1170 704 in
1217 642 1491 724 aquario
1525 647 1902 708 cruentaret
1932 642 2306 727 factumque
2352 646 2620 730 aliquod

548 749 889 831 existeret,
957 752 1036 817 de
1096 773 1223 835 quo
1286 753 1712 836 loquerentur
1766 755 2060 821 homines
2121 778 2240 841 per
2291 762 2619 824 terrarum

546 861 809 927 orbemt‘

1283 1062 1572 1128 Nerva.

445 1199 725 1264 Primum
774 1199 1340 1266 commemoranda
1399 1206 1551 1265 sunt
1610 1201 1739 1266 duo
1786 1204 2033 1282 omina,
2096 1223 2264 1285 quae
2291 1187 2436 1271 ,non
2481 1209 2617 1269 tam

246 1306 325 1369 ad
379 1310 570 1376 breve
629 1312 943 1395 temporis
1004 1312 1318 1395 spatium,
1381 1333 1509 1395 quo
1556 1312 1773 1379 Nerva
1827 1314 2198 1398 imperabat
2253 1336 2468 1398 quam,
2533 1316 2619 1381 ad

244 1421 474 1502 totum,
533 1423 710 1506 quod
753 1424 1256 1507 insequebatur,
1302 1424 1664 1505 saeculum,
1727 1426 1901 1509 quod
1945 1426 2132 1509 quasi
2174 1432 2358 1492 aetas
2414 1449 2618 1493 aurea

244 1528 486 1614 imperii
517 1536 791 1601 Romani
836 1537 1057 1600 vocari
1098 1536 1270 1616 licet,
1319 1542 1619 1621 spectare
1652 1537 1970 1603 videntur.
2064 1538 2392 1623 Scriptum
2441 1540 2617 1605 vide-

245 1662 379 1709 mus
421 1648 592 1731 apud
638 1647 1051 1713 Suetonium:

644 1760 828 1826 Dom.
880 1765 978 1828 23.
1062 1762 1269 1839 „Ante
1314 1782 1560 1844 paucos
1608 1782 1801 1845 quam
1851 1762 2318 1848 (Domitianus)
2366 1763 2619 1829 occide-

540 1877 724 1937 retur
774 1893 1028 1937 menses
1091 1874 1316 1937 cornix
1378 1874 1444 1938 in
1486 1872 1808 1957 Capitolio
1868 1873 2128 1939 elocuta
2194 1881 2322 1941 est:
2390 1872 2620 1943 Ἔσται

541 1983 760 2052 πάντα
815 1992 1066 2066 καλῶς·
1128 2006 1249 2050 nec
1306 1985 1513 2050 defuit
1575 1989 1688 2069 qui
1750 1990 2077 2052 ostentum
2136 1988 2231 2052 sic
2298 1987 2617 2071 interpre-

540 2103 822 2163 taretur:

642 2210 867 2294 Nuper
910 2201 1190 2302 Tarpeio
1237 2230 1406 2293 quae
1452 2207 1626 2276 sedit
1671 2209 1949 2275 culmine
1995 2211 2221 2275 cornix

644 2323 782 2387 ‘Est
830 2323 1014 2387 bene’
1061 2344 1189 2387 non
1232 2323 1451 2406 potuit
1490 2322 1729 2402 dicere,
1776 2322 1970 2387 dixit:
2018 2323 2222 2403 ,erit’“

644 2436 824 2519 (Aur.
877 2436 1040 2499 Vict.
1087 2434 1202 2519 Ep.
1253 2440 1332 2499 27
1383 2485 1445 2514 ‚,.
1474 2484 1526 2499 ..
1575 2456 1783 2518 usque
1829 2456 1941 2515 eo,
1985 2440 2061 2500 ut
2104 2435 2453 2500 adveniens
2497 2436 2615 2500 im-

537 2548 790 2631 perium
825 2548 963 2612 eius
994 2548 1307 2631 pleraque
1338 2547 1616 2611 mirifica
1645 2546 2198 2613 denunciaverint.
2266 2549 2340 2612 In
2379 2547 2617 2631 quibus
2705 2623 2708 2625 ,

540 2661 995 2744 praecipuum,
1065 2661 1290 2724 cornix
1334 2680 1369 2723 e
1414 2659 1681 2742 fastigio
1728 2657 2033 2743 Capitolii
2078 2660 2315 2724 Atticis
2375 2681 2616 2725 sermo·

537 2772 729 2837 nibus
774 2771 990 2851 effata,
1037 2778 1252 2851 καλῶς
1296 2771 1513 2838 ἑ’στ;οιι,ἱι

243 2879 299 2943 in
345 2884 588 2950 Aurelii
635 2884 799 2949 Vict.
845 2883 1015 2967 Epit.
1062 2883 1187 2947 hoc
1249 2904 1436 2948 omen
1477 2883 1759 2948 Traiano
1814 2883 2158 2967 imperium
2200 2882 2616 2949 denuntiasse

243 2990 530 3079 legimus)

643 3109 894 3192 „ipsum
939 3108 1136 3173 etiam
1178 3108 1621 3174 Domitianum
1662 3107 1885 3172 ferunt
1928 3109 2304 3186 somniasse,
2351 3107 2617 3189 gibbam

541 3220 663 3285 sibi
715 3241 883 3304 pone
943 3221 1258 3285 cervicem
1321 3241 1590 3285 auream
1637 3223 1924 3298 enatam,
1981 3240 2102 3303 pro
2146 3224 2455 3303 certoque
2499 3219 2615 3284 ha-

538 3333 793 3412 buisse,
856 3333 1216 3397 beatiorem
1275 3337 1427 3416 post
1496 3354 1566 3396 se
1626 3332 2099 3414 laetioremque
2158 3332 2457 3415 portendi
2519 3332 2616 3397 rei

539 3467 599 3529 p.
648 3450 911 3510 statum.
1003 3444 1188 3510 Sicut
1232 3466 1388 3509 sane
1435 3445 1620 3509 brevi
1655 3446 1886 3523 evenit,
1934 3443 2331 3509 abstinentia
2371 3449 2439 3509 et
2482 3465 2615 3509 me-

540 3557 876 3622 deratione
921 3557 1399 3641 insequentium
1443 3558 1848 3641 principumi‘

434 3670 640 3734 Omen
685 3670 941 3753 imperii
987 3669 1193 3733 futuri
1237 3670 1491 3734 Nervae
1535 3669 1783 3734 factum
1825 3670 2151 3734 invenitur
2200 3669 2377 3752 apud
2409 3669 2614 3733 Zona-

240 3802 388 3861 ram,
433 3783 544 3847 XI.
593 3785 701 3848 20:
766 3779 838 3861 ὅς
882 3781 1248 3866 (Νερούας)
1293 3779 1725 3867 ἀστρολόγων
1770 3778 1872 3850 ὅτι
1915 3781 2318 3867 μοναρχήσει
2362 3779 2613 3868 φησάν-

238 3920 364 3962 των
405 3902 654 3981 μικροῦ
698 3893 973 3963 διώλετο
1019 3890 1121 3961 ἄν.
1212 3893 1341 3958 Sed
1374 3893 1549 3977 apud
1578 3893 1851 3982 Dionem
1889 3914 1965 3958 eo
1998 3892 2160 3972 loce,
2214 3914 2342 3980 quo
2374 3913 2613 3957 causae

236 4006 608 4084 afferuntur,
654 4006 892 4089 quibus
925 4005 1247 4071 adductus
1273 4004 1490 4070 Nerva
1534 4026 1575 4069 a
1620 4005 2032 4088 suscipiendo
2063 4004 2438 4089 principatu
2480 4026 2609 4069 non

236 4118 664 4196 abhorruerit,
700 4118 953 4182 LXVII.
997 4125 1090 4183 15.
1126 4124 1182 4196 5,
1224 4115 1534 4200 legimus:
1580 4118 1693 4183 καὶ
1725 4117 1997 4200 προσέτι
2036 4118 2148 4184 καὶ
2182 4114 2610 4185 ἐκινδύνευσε

234 4231 615 4317 διαβληθεὶς
659 4225 764 4296 ὑπ’
817 4226 1262 4315 ἀστρολόγων.
1353 4228 1511 4293 Inde
1573 4228 1837 4292 >elucere
1898 4228 2059 4292 mihi
2111 4228 2368 4293 videtur
2429 4227 2610 4292 illam

231 4342 739 4426 praedictionem
784 4363 913 4407 non
958 4362 1178 4406 veram
1220 4340 1485 4422 imperii⁴
1506 4340 2161 4424 praenuntiationem,
2204 4339 2321 4405 sed
2363 4339 2612 4404 machi-

231 4456 553 4520 nationem
580 4453 883 4519 infestam
908 4453 1315 4537 quorundam
1333 4452 1831 4535 astrologorum,
1864 4452 1976 4533 qui
1990 4450 2243 4518 Nervae
2272 4451 2611 4517 interitum
