3167 5067
1495 358 1939 420 ...66-

837 528 943 592 dle
985 530 1185 610 atque
1227 525 1393 590 hora
1433 546 1565 609 qua
1599 525 1770 590 Geta
1811 530 2007 590 natus
2037 530 2156 605 est,
2201 524 2626 608 audissetque
2670 523 2781 589 ille
2834 524 2941 589 ab

835 638 1216 722 haruspice,
1274 643 1426 721 post
1475 637 1787 703 Severum
1831 637 2228 703 Antoninum
2271 635 2747 720 imperaturum
2763 686 2779 714 ,
2845 658 2941 703 ac

838 750 919 816 de
964 770 1035 815 se
1085 749 1196 814 ille
1241 756 1679 834 auguraretur
1721 751 1837 815 sed
1881 756 2103 816 tamen
2153 749 2307 814 talis
2353 748 2473 815 fati
2516 750 2778 816 timeret
2816 750 2931 814 in-

838 862 1078 928 dicium
1098 911 1114 942 ,
1169 862 1347 926 ferro
1406 883 1553 928 eum
1622 862 1860 947 adegit.
1926 860 2100 946 quod
2162 866 2230 926 et
2286 861 2499 945 ipsum
2544 862 2729 945 signo
2772 862 2931 941 fuit,

812 1019 819 1025 =
842 974 1077 1039 Getam
1102 974 1186 1039 ab
1203 974 1528 1038 Antonino
1555 973 2077 1053 interimendum,
2101 978 2178 1038 ut
2198 978 2432 1057 postea
2457 974 2621 1039 satis
2642 973 2928 1038 claruit“

939 1086 1027 1151 ib.
1067 1091 1124 1151 3.
1171 1091 1229 1166 7,
1272 1091 1330 1152 8.
1421 1085 1589 1167 „fuit
1622 1087 1820 1151 etiam
1853 1085 2033 1151 aliud
2066 1106 2255 1151 omen
2286 1086 2533 1169 ingens,
2577 1091 2654 1150 ut
2684 1091 2931 1169 postea

840 1198 1055 1264 exitus
1115 1198 1341 1264 docuit
1399 1197 1594 1263 huius
1652 1196 1963 1263 facinoris
2020 1197 2197 1280 quod
2254 1198 2498 1263 evenit:
2556 1219 2710 1262 nam
2771 1219 2925 1262 cum

838 1310 1108 1376 infantis
1190 1311 1397 1376 Getae
1478 1310 1768 1376 natalem
1833 1310 2110 1376 Severus
2173 1310 2630 1376 commendare
2704 1311 2929 1390 vellet,

838 1423 1120 1489 hostiam
1163 1444 1340 1508 popa
1383 1423 1643 1488 nomine
1688 1423 2052 1490 Antoninus
2094 1424 2456 1507 percussit“

939 1535 1026 1601 ib.
1072 1542 1130 1601 4.
1179 1541 1234 1600 5.
1322 1534 1475 1619 „qui
1507 1535 1906 1620 (Caracalla)
1936 1555 2083 1600 cum
2114 1534 2539 1600 contenderet
2569 1539 2638 1599 et
2667 1534 2928 1600 diceret

840 1648 1032 1731 quasi
1068 1648 1214 1713 ioco
1260 1646 1448 1731 quasi
1507 1647 1679 1712 serio
1695 1696 1711 1727 ‚
1772 1667 1995 1712 omnes
2057 1667 2204 1711 cum
2255 1646 2481 1712 liberis
2524 1646 2928 1712 occidendos

838 1760 1126 1844 partium
1173 1758 1578 1825 diversarum
1594 1807 1611 1838 ,
1678 1758 1848 1823 Geta
1907 1759 1968 1823 ei
2021 1757 2263 1824 dixisse
2306 1757 2578 1823 dicitur:
2639 1758 2758 1823 ‘Tu
2806 1760 2930 1842 qui

840 1871 1000 1937 nulli
1044 1871 1282 1955 parcis,
1323 1875 1513 1955 potes
1551 1875 1619 1935 et
1661 1869 1934 1936 fratrem
1978 1870 2343 1936 occidere’“

944 1983 1160 2068 Spart.
1212 1983 1352 2048 Sev.
1400 1987 1499 2048 22.
1544 1988 1601 2048 3.
1693 1988 1804 2064 „at
1846 2003 2017 2067 quae
2057 1982 2264 2048 Getae
2308 1982 2566 2047 nomine
2598 1982 2931 2066 inscripta

841 2101 986 2162 erat
1029 2094 1449 2182 (Victoriola;
1508 2094 1589 2160 cf.
1651 2115 1798 2180 pag.
1847 2096 1992 2180 61),
2070 2094 2319 2160 corruit
2381 2099 2449 2159 et
2506 2094 2714 2158 omnis
2765 2115 2928 2159 con-

842 2206 1096 2273 minuta
1139 2212 1278 2273 esti‘

1500 2404 1947 2470 Macrinus.

616 2530 621 2535 ’
741 2542 1033 2609 Macrino
1076 2543 1387 2608 nonnulla
1444 2543 1631 2626 signa
1682 2543 1970 2628 imperii,
2028 2543 2258 2608 mortis
2318 2541 2668 2626 praesagia
2713 2543 2933 2608 multa
2975 2563 2979 2565 ’

533 2655 945 2721 exstiterunt.

739 2768 1092 2851 Imperium
1136 2767 1429 2833 futurum
1474 2768 1576 2831 his
1619 2767 1918 2833 omnibus
1964 2767 2025 2832 ei
2065 2767 2616 2852 portendebatur:

948 2880 1071 2944 Dio
1115 2880 1232 2963 Ep.
1277 2879 1628 2945 LXXVIII.
1678 2886 1736 2945 4.
1788 2886 1841 2945 1.
1931 2878 2162 2967 ἐπειδὴ
2215 2879 2343 2967 γὰρ
2404 2878 2638 2967 μάντις
2697 2906 2799 2959 τις
2846 2881 2928 2948 ἐν

842 3000 926 3082 τῇ
968 2988 1243 3081 Άφρικῇ
1288 2990 1474 3061 εἶπεν
1521 3046 1575 3059 ..
1604 3045 1618 3059 .
1674 2989 1777 3061 ὅτι
1820 2993 1931 3059 καὶ
1976 2990 2098 3061 τὸν
2146 2999 2508 3078 Μακρῖνον
2550 2990 2672 3061 τὸν
2717 2993 2916 3078 ἔπαρ-

842 3131 966 3190 χον
1023 3105 1137 3172 καὶ
1190 3103 1315 3172 τὸν
1372 3103 1528 3173 υἱὸν
1590 3100 1806 3172 αὐτοῦ
1861 3102 2450 3191 Διαδουμενιανὸν
2510 3100 2931 3192 αὐταρχῆσαι

845 3220 951 3284 δεῖ
991 3216 1171 3301 (Zon.
1216 3215 1358 3281 XII.
1409 3217 1516 3301 12)

946 3327 1033 3394 ib.
1081 3335 1139 3394 4.
1185 3334 1244 3394 4.
1332 3329 1445 3396 καὶ
1502 3325 1607 3396 ὅτι
1648 3331 2010 3413 Σεραπίων
2052 3354 2151 3408 τις
2194 3326 2565 3414 Αἰγύπτιος
2604 3324 2932 3412 ἄντικρυς

843 3448 936 3532 τρῖ
965 3436 1333 3532 Ἀντωνίνῳ
1380 3438 1510 3525 πρὸ
1556 3436 1806 3525 ὀλίγων
1855 3436 2123 3527 ἡμερῶν
2167 3438 2414 3526 εἰρήκει
2459 3437 2561 3509 ὅτι
2615 3493 2629 3507 .
2659 3494 2672 3508 .
2698 3493 2711 3508 .
2763 3441 2932 3509 ἐκεῖ·

842 3577 960 3632 νος
1004 3552 1412 3637 (Μακρῖνος)
1459 3549 1672 3621 αὐτὸν
1717 3554 2086 3633 διαδέξοιτο

945 3662 1031 3729 ib.
1080 3670 1137 3729 7.
1183 3670 1241 3745 4,
1287 3669 1358 3746 53
1414 3662 1491 3730 cf.
1539 3684 1688 3748 pag.
1737 3670 1817 3730 63
1880 3664 1996 3750 (cf.
2051 3665 2250 3731 etiam
2295 3664 2418 3730 Dio
2462 3664 2550 3730 ib.
2604 3670 2700 3729 ll.
2755 3665 2840 3749 1).

742 3778 1095 3842 Praeterea
1137 3797 1259 3860 pro
1306 3778 1518 3842 omine
1561 3776 1823 3860 imperii
1861 3777 2226 3861 putandum
2271 3782 2403 3857 est,
2449 3776 2624 3859 quod
2669 3778 2935 3844 mathe-

530 3890 754 3957 matici
799 3893 1074 3971 accepta
1116 3888 1619 3954 Diadumeniani
1660 3889 1778 3954 filii
1825 3889 2126 3972 genitura
2169 3888 2457 3954 dixerint
2498 3889 2932 3972 imperatoris

530 4002 714 4068 illum
759 3999 964 4065 filium
1006 3998 1300 4066 futurum
1345 4020 1486 4066 esse
1532 4000 1891 4086 (Lamprid.
1939 4001 2127 4066 Diad.
2173 4007 2229 4066 5.
2270 4007 2328 4081 l,
2356 4005 2431 4081 43
2479 3999 2558 4065 cf.
2604 4021 2753 4084 pag.
2795 4006 2937 4087 69).

741 4111 976 4177 Omina
1018 4108 1249 4176 mortis
1293 4113 1549 4197 accepit
1594 4112 1925 4178 Macrinus
1968 4112 2163 4177 haec:

946 4224 1073 4288 Dio
1115 4223 1231 4307 Ep.
1278 4224 1627 4291 LXXVIII.
1675 4229 1774 4290 25.
1822 4229 1876 4289 1.
1967 4224 2190 4311 ἔμελλε
2252 4219 2306 4291 δ’
2376 4217 2518 4292 οὐδ’
2579 4222 2616 4290 ὁ
2659 4229 2940 4312 Μακρῖ-

842 4362 960 4414 νος
1005 4333 1112 4402 ἕπὶ
1158 4334 1334 4403 πολὺ
1376 4340 1772 4421 περιοίσειν,
1841 4333 1926 4416 ὥς
1981 4360 2117 4405 που
2158 4338 2273 4404 καὶ
2316 4335 2766 4422 προεθηλώδη
2813 4337 2939 4407 οιύὸ

840 4457 950 4538 τῷ.
1017 4445 1293 4533 ἡμίονος
1337 4474 1407 4515 τε
1447 4445 1575 4534 γὰρ
1626 4443 1911 4535 ἡμίονον
1955 4450 2029 4515 ἐν
2070 4457 2152 4537 τῇ
2187 4446 2405 4535 Ῥώμῃ
2452 4447 2729 4532 (ἔτεκεν)
