3167 5067
1176 364 1609 426 ...69-

601 534 686 598 ib.
736 541 790 600 5.
847 542 896 598 l.
988 537 1127 614 „his
1188 536 1418 601 diebus
1477 536 1716 620 quibus
1771 535 1881 601 ille
1938 541 2134 601 natus
2179 538 2576 602 est'mathe-

481 646 722 720 ,matici
769 654 1042 732 accepta
1086 647 1386 732 genitura
1443 649 1584 713 eius
1631 647 2192 727 exclamaverunt,
2250 653 2316 713 et
2362 649 2577 732 ipsum

497 759 701 824 filium
745 760 1160 843 imperatoris
1220 782 1361 825 esse
1423 766 1490 825 et
1549 761 2048 843 imperatorem,
2119 760 2308 843 quasi
2365 765 2577 825 mater

501 872 638 937 eius
684 872 1059 938 adulterata
1102 877 1307 954 esset,
1369 872 1543 955 quod
1588 871 1766 937 fama
1820 871 2184 937 retinebat“
2247 872 2360 958 (ib.
2409 879 2463 938 5.
2515 879 2574 937 4.

501 989 731 1064 „natus
791 990 892 1049 est
955 990 1302 1068 praeterea
1357 984 1563 1049 natali
1626 984 1935 1050 Antonini
1998 988 2065 1049 et
2147 1005 2226 1048 ea
2282 984 2450 1048 hora
2510 990 2578 1050 et

500 1097 699 1179 signis
759 1118 962 1180 prope
1011 1096 1501 1161 concinentibus
1561 1096 1800 1179 quibus
1861 1101 1928 1161 et
1970 1096 2331 1160 Antoninus
2404 1096 2575 1161 Pius.

499 1230 701 1292 quare
748 1208 1054 1274 dixerunt
1084 1207 1549 1288 mathematici,
1599 1213 1665 1273 et
1706 1208 2124 1292 imperatoris
2155 1207 2339 1272 illum
2368 1208 2574 1272 filium

496 1322 786 1386 futurum
836 1325 902 1385 et
941 1324 1422 1404 imperatorem,
1467 1320 1581 1386 sed
1627 1342 1757 1386 non
1800 1320 1979 1404 diu“)

598 1432 684 1497 ib.
737 1438 792 1498 5.
843 1439 899 1498 5.
991 1432 1134 1512 „die
1193 1454 1325 1516 qua
1382 1438 1575 1497 natus
1624 1437 1748 1512 est,
1809 1431 1984 1515 quod
2030 1431 2337 1496 Antonini
2400 1437 2574 1496 esset

496 1545 768 1625 nataliS,
829 1545 1061 1610 mulier
1109 1544 1433 1627 quaedam
1476 1544 1848 1628 propinqua
1884 1544 2125 1609 dicitur
2170 1543 2572 1608 exclamasse

498 1656 880 1721 ‘Antoninus
930 1656 1263 1722 vocetur’“

596 1769 684 1833 ib.
731 1776 786 1834 5.
839 1774 895 1834 6.
986 1791 1172 1849 „cum
1231 1768 1299 1832 in
1356 1769 1537 1833 cunis
1600 1773 1775 1833 esset
1814 1768 2297 1847 DiadumenuS,
2360 1772 2426 1832 et
2465 1767 2571 1832 leo

494 1881 703 1964 ruptis
758 1881 1066 1959 vinculiS,
1123 1886 1198 1946 ut
1243 1881 1537 1964 quidam,
1596 1879 1772 1945 ferus
1835 1878 2174 1964 effugisset
2229 1884 2427 1963 atque
2487 1879 2572 1944 ad

492 1993 890 2058 incunabula
935 1993 1073 2058 eius
1121 1993 1420 2072 venisset,
1460 2013 1734 2076 puerum
1770 1992 2043 2057 delinxit
2086 1997 2153 2057 et
2192 1991 2573 2056 inviolatum

492 2105 798 2188 reliquid,
844 2127 989 2170 cum
1034 2106 1255 2169 nutrix
1300 2126 1370 2170 se
1422 2105 1487 2167 in
1549 2102 1803 2169 leonem
1848 2104 2133 2168 misisset
2177 2108 2376 2186 atque
2429 2103 2570 2168 eius

493 2240 713 2283 morsu
759 2217 1020 2282 adfecta
1063 2217 1380 2300 perisset“

595 2329 682 2393 ib.
731 2336 786 2395 5.
833 2334 891 2408 2,
941 2335 996 2394 3.
1088 2329 1278 2408 „huic
1323 2329 1530 2393 eidem
1565 2328 1788 2410 aquila
1817 2328 2084 2411 pilleum
2129 2328 2198 2391 in
2230 2347 2389 2409 agro
2432 2348 2568 2390 am-

496 2441 746 2506 bulanti
807 2441 961 2505 tulit
1019 2446 1116 2520 et,
1192 2463 1339 2506 cum
1397 2442 1730 2505 comitum·
1765 2439 2036 2504 infantis
2093 2438 2340 2504 clamor
2395 2444 2571 2504 esset

491 2555 723 2632 factuS,
768 2553 835 2616 in
863 2558 1280 2617 monumento
1326 2553 1526 2635 regi0,
1570 2551 1746 2635 quod
1791 2552 1979 2616 iuxta
2012 2550 2233 2615 villam
2277 2555 2452 2615 esset
2500 2551 2567 2615 in

495 2688 626 2749 qua
682 2670 840 2730 tunc
898 2669 1092 2748 pater
1149 2663 1392 2747 agebat
1418 2715 1433 2744 ,
1492 2686 1694 2748 supra
1754 2668 2040 2750 statuam
2101 2663 2274 2746 regis
2330 2662 2568 2746 posuit,

492 2780 587 2842 ita
629 2782 703 2841 ut
748 2776 948 2860 capiti
993 2777 1132 2841 eius
1177 2781 1453 2860 aptaret.
1510 2775 1686 2859 quod
1739 2774 1926 2839 multi
1971 2775 2332 2840 ominosum
2375 2779 2567 2858 puta-

493 2895 647 2954 runt
706 2894 771 2954 et
824 2889 1019 2953 morti
1083 2888 1614 2968 adcommodum,
1687 2886 1937 2953 clarum
2011 2892 2232 2953 autem
2295 2893 2563 2952 eventus

495 3001 836 3080 ostendit“,

188 3115 362 3201 quod
417 3136 603 3180 omen
678 3135 807 3178 non
886 3119 1021 3177 tam
1088 3112 1291 3177 futuri
1333 3112 1593 3195 imperii
1638 3133 1833 3195 quam
1878 3112 2106 3176 mortis
2151 3111 2402 3193 signum
2448 3132 2564 3194 pu·

186 3234 392 3294 tatum
439 3248 581 3291 esse
626 3226 784 3290 mihi
826 3224 1100 3290 videtur.

392 3339 744 3402 Praeterea
778 3336 956 3420 apud
986 3337 1278 3417 Dionem,
1328 3358 1475 3401 cum
1507 3336 1586 3401 de
1624 3336 1901 3400 Macrini
1932 3333 2137 3414 clade,
2183 3355 2352 3418 quae
2385 3334 2482 3399 illi
2528 3356 2569 3399 a

192 3453 326 3518 deis
369 3450 837 3535 praenuntiata
900 3449 1014 3529 sit,
1077 3447 1277 3513 verba
1336 3449 1570 3528 faciat,
1636 3446 1979 3513 nonnullas
2041 3469 2146 3512 res
2204 3447 2568 3530 reperimus

189 3566 758 3641 commemorataS,
823 3582 991 3643 quae
1050 3567 1271 3626 utrum
1338 3561 1524 3643 signa
1593 3561 1898 3625 interitus
1958 3580 1999 3623 a
2068 3560 2275 3624 Dione
2338 3558 2570 3624 habita

189 3679 341 3755 sint,
405 3697 489 3739 an
545 3673 901 3752 adductae,
964 3673 1138 3756 quod
1196 3672 1364 3738 forte
1418 3673 1777 3738 acciderint
1838 3678 1902 3736 et
1946 3671 2121 3754 quod
2161 3693 2240 3735 ex
2301 3671 2382 3734 iis
2429 3671 2565 3735 Ma—

190 3789 346 3853 crini
376 3787 721 3851 stultitiam
751 3805 1141 3868 cognoscere
1170 3784 1382 3864 liceat,
1429 3785 1711 3850 dilucide
1745 3784 2118 3868 perspicere
2163 3804 2295 3847 non
2335 3804 2565 3866 possu-

189 3922 343 3965 mus.
432 3900 613 3977 Quae
660 3898 785 3962 hoc
829 3897 972 3960 loco
1015 3897 1262 3962 referre
1307 3897 1725 3977 instituimus,
1771 3895 1964 3979 quod,
2010 3895 2064 3960 si
2110 3895 2301 3959 modo
2347 3895 2566 3961 omina

187 4010 488 4077 habenda
532 4010 690 4090 sint,
755 4009 840 4074 ad
901 4009 1483 4073 Diadumenianum
1537 4010 1746 4092 magis
1806 4030 2002 4091 quam
2055 4008 2141 4072 ad
2202 4007 2566 4074 Macrinum

189 4128 482 4209 spectare
528 4122 846 4187 videntur.
924 4122 1252 4210 Scriptum
1296 4121 1589 4185 videmus
1640 4120 1815 4204 apud
1864 4120 2167 4186 Dionem:

597 4234 768 4317 Epit.
820 4234 1181 4314 LXXVIII,
1248 4239 1347 4300 37.
1404 4241 1459 4298 5.
1571 4233 1684 4299 καὶ
1749 4230 1912 4319 μετὰ
1992 4241 2235 4312 τοῦτο,
2305 4229 2414 4300 ὅτε
2483 4230 2565 4298 τὰ

494 4348 643 4431 περὶ
691 4354 816 4413 τοῦ
877 4346 1057 4425 υἱέος
1122 4346 1448 4432 ἔπεμψεν,
1509 4340 1664 4412 οὔτε
1712 4342 1845 4413 ὑπὸ
1886 4342 2025 4412 τὼν
2090 4340 2365 4410 ὑπάτων
2411 4338 2559 4410 οὔθ’

496 4454 627 4525 ὑπὸ
655 4467 795 4525 τῶν
824 4466 1218 4544 στρατηγῶν
1259 4456 1707 4543 συνήλθομεν,
1754 4452 1838 4524 οὐ
1880 4454 2007 4542 γὰρ
2041 4455 2279 4541 ἔτυχον
2319 4453 2563 4540 παρόν-
