3167 5067
1493 348 1931 410 -13—

826 515 1161 601 Philippos
1191 522 1490 582 sacratae
1538 517 1692 581 olim
1723 516 2087 581 victricium
2114 518 2439 601 legionum
2482 538 2640 583 arae
2670 524 2938 603 sponte

828 630 1062 695 subitis
1108 628 1525 695 conlucerent
1565 629 1867 712 ignibus“

930 764 1115 822 „cum
1177 791 1228 806 ..
1256 792 1271 807 .
1330 741 1577 806 adisset
1622 741 1940 827 Geryonis
1988 742 2355 822 oraculum,
2415 748 2592 807 sorte
2661 749 2929 823 tracta,

829 876 962 938 qua
1003 851 1393 919 monebatur
1435 859 1511 918 ut
1553 853 1635 918 de
1668 854 2252 919 consultationibus
2281 855 2348 918 in
2399 855 2608 938 Aponi
2659 855 2936 920 fontem

826 967 997 1031 talos
1074 986 1308 1031 aureos
1367 966 1664 1045 liaceret,
1730 966 1941 1031 evenit
2017 970 2091 1029 ut
2163 988 2484 1032 summum
2558 988 2925 1032 numerum

827 1079 985 1143 iacti
1029 1077 1113 1143 ab
1162 1098 1239 1143 eo
1285 1077 1742 1154 ostenderent“

932 1195 1124 1270 „ante
1186 1210 1432 1273 paucos
1500 1210 1654 1254 vero
1729 1210 1924 1272 quam
1987 1181 2406 1255 revocaretur
2465 1189 2604 1254 dies
2663 1191 2930 1273 aquila,

830 1323 1183 1384 numquam
1214 1307 1409 1367 antea
1446 1301 1661 1365 Rhodi
1693 1307 2061 1385 conspecta,
2089 1302 2157 1366 in
2195 1301 2474 1367 culmine
2503 1302 2734 1367 domus
2767 1304 2929 1367 eius

832 1413 1115 1479 assedit“

933 1524 1183 1610 „pridie
1240 1545 1436 1608 quam
1511 1525 1592 1589 de
1650 1524 1867 1590 reditu
1929 1525 2170 1590 certior
2227 1524 2445 1603 fieret,
2512 1526 2929 1591 vestimenta

830 1638 1111 1703 mutanti
1161 1637 1384 1702 tunica
1429 1637 1662 1701 ardere
1704 1638 1844 1701 visa
1894 1643 2029 1701 est“

935 1749 1385 1834 „Thrasyllum
1429 1748 1963 1813 mathematicum
2009 1798 2024 1813 .
2051 1798 2065 1812 .
2089 1798 2103 1813 .
2132 1732 2152 1812 ‚⁸
2190 1754 2328 1813 tum
2365 1750 2648 1816 maxime
2677 1771 2926 1834 exper-

832 1868 939 1927 tus
1006 1867 1133 1940 est,
1204 1859 1665 1939 affirmantem,
1732 1880 1895 1926 nave
1957 1861 2219 1945 provisa
2262 1861 2573 1944 gaudium
2642 1861 2924 1927 afferri“

832 1974 984 2057 (Dio
1045 1972 1172 2036 LV.
1224 1975 1297 2036 11
1364 1971 1539 2055 apud
1603 1971 1796 2055 Xiph.
1864 1970 2025 2041 ὥστε
2073 2026 2087 2040 .
2115 2026 2129 2040 .
2157 2026 2170 2039 .
2216 1982 2564 2056 προειπεῖν
2622 1969 2805 2065 αὐτςῖ
2876 1972 2926 2042 ἃ

831 2082 1175 2171 ἀγγέλλειν
1220 2083 1459 2170 ἔμελλε.
1507 2083 1657 2148 Tac.
1708 2104 1854 2148 ann.
1901 2084 2006 2148 VI.
2040 2090 2113 2149 21
2157 2085 2578 2165 „Thrasullus
2728 2093 2921 2170 post-

833 2218 1030 2281 quam
1118 2201 1614 2279 percontantem
1681 2202 2148 2276 commoverat,
2225 2197 2570 2281 imperium
2644 2198 2771 2282 ipsi
2837 2206 2919 2263 et

833 2309 1060 2372 futura
1103 2307 1402 2371 sollerter
1444 2307 1938 2391 patefaciens“).

732 2423 785 2485 A
830 2420 1058 2483 Tacito
1105 2424 1650 2483 commemoratur
1708 2420 2123 2502 praesagium
2178 2420 2259 2484 de
2320 2413 2583 2486 Tiberio
2642 2421 2919 2502 factum,

525 2556 670 2599 cum
716 2534 924 2596 Roma
964 2531 1031 2594 in
1077 2530 1499 2613 Campaniam
1543 2529 1957 2595 abscederet:

938 2663 1083 2707 ann.
1129 2642 1236 2707 IV.
1285 2648 1384 2708 58.
1453 2641 1793 2722 „ferebant
1834 2644 2031 2726 periti
2076 2642 2454 2709 caelestium
2498 2646 2579 2710 iis
2623 2646 2919 2710 motibus

834 2754 1120 2820 siderum
1179 2755 1535 2820 excessisse
1581 2755 1789 2820 Roma
1829 2755 2189 2835 Tiberium,
2248 2763 2323 2821 ut
2360 2756 2610 2821 reditus
2655 2757 2749 2821 illi
2794 2779 2915 2820 ne·

837 2872 1142 2950 gareturi‘

733 2980 881 3044 Alia
925 2998 1183 3063 quoque
1229 2980 1445 3043 omnia
1494 2984 1651 3043 tunc
1695 2979 2148 3044 animadversa
2208 3001 2348 3045 esse
2404 2980 2616 3044 elucet
2660 3002 2739 3045 ex
2786 2981 2914 3044 Ta.-

528 3093 642 3158 citi
704 3113 849 3157 ann.
909 3092 1016 3157 IV.
1086 3096 1198 3156 64:
1276 3090 1713 3173 „feralemque
1783 3112 2022 3156 annum
2095 3092 2397 3157 ferebant
2462 3098 2528 3157 et
2589 3092 2917 3157 ominibus

530 3205 818 3271 adversis
855 3208 1226 3286 susceptum
1273 3203 1551 3285 principi
1594 3203 1932 3268 consilium
1985 3202 2362 3269 absentiaefi‘

736 3316 988 3395 Omina,
1028 3335 1195 3398 quae
1230 3320 1504 3379 mortem
1534 3314 1780 3379 Tiberii
1809 3314 2208 3399 significasse
2241 3316 2646 3394 videbantur,
2691 3317 2915 3382 inven-

527 3429 752 3494 iuntur
806 3427 983 3512 apud
1027 3426 1423 3506 Suetonium,
1470 3426 1762 3491 Cassium
1808 3427 2101 3504 Dionem,
2146 3429 2483 3506 Zonaram,
2530 3426 2848 3493 Tacitum.

945 3540 1120 3604 Suet.
1164 3538 1303 3604 Tib.
1352 3544 1449 3603 74.
1535 3559 1877 3623 „supremo
1943 3538 2148 3602 natali
2211 3559 2327 3602 suo
2372 3538 2737 3622 Apollinem
2784 3540 2905 3604 Te-

841 3651 1145 3716 menitem
1175 3701 1189 3715 .
1218 3699 1231 3714 .
1255 3700 1269 3715 .
1302 3650 1648 3715 advectum
1679 3649 2017 3735 Syracusis
2048 3655 2123 3714 ut
2157 3650 2223 3715 in
2258 3649 2657 3716 bibliotheca
2686 3652 2912 3735 templi

839 3764 990 3828 novi
1027 3769 1411 3846 poneretur,
1461 3762 1717 3828 viderat
1759 3783 1878 3846 per
1922 3762 2206 3845 quietem
2266 3762 2700 3829 affirmantem
2768 3763 2914 3843 sibi,

841 3897 971 3941 non
1014 3896 1207 3959 posse
1253 3897 1321 3941 se
1368 3875 1452 3940 ab
1496 3876 1640 3959 ipso
1688 3875 2016 3940 dedicari“

944 3992 1136 4067 „ante
1196 4008 1440 4071 paucos
1496 4008 1691 4070 quam
1751 3987 1964 4051 obiret
2023 3986 2160 4051 dies
2204 3988 2405 4050 turris
2451 3986 2650 4050 Phari
2695 3993 2950 4055 terrae.

841 4104 1026 4164 motu
1069 4100 1335 4183 Capreis
1383 4099 1703 4163 concidit“

947 4212 1219 4292 „Miseni
1250 4212 1410 4275 cinis
1456 4232 1490 4274 e
1535 4210 1761 4273 favilla
1802 4216 1867 4274 et
1901 4209 2295 4274 carbonibus
2327 4211 2412 4275 ad
2441 4210 2917 4275 calfaciendum

842 4324 1194 4388 triclinium
1227 4323 1465 4401 inlatis,
1514 4322 1873 4385 exstinctus
1902 4323 2030 4385 iam
2075 4327 2139 4385 et
2173 4322 2285 4386 diu
2331 4323 2622 4404 frigiduS,
2670 4323 2918 4385 exarsit
