3167 5067
869 525 1003 609 [VI.
1048 521 1223 609 884]
1409 524 1712 589 Manibus
1759 525 1911 590 date
1955 525 2093 588 lilia
2139 524 2380 607 plenis3

871 657 1234 719 purpureos
1280 658 1585 720 spargam
1629 638 1823 702 flores
1870 638 2282 719 animamque
2330 638 2587 719 nepotis

818 745 823 748 ’
871 742 972 812 bis
1020 747 1236 812 saltim
1280 749 1680 814 accumulem
1730 750 1915 814 donis
1958 756 2023 813 et
2068 750 2305 831 fungar
2349 749 2527 813 inani

868 867 1172 924 munere“
1250 875 1253 878 ·

868 972 956 1035 ib.
1012 978 1069 1036 4.
1117 979 1174 1036 4.
1265 1023 1404 1051 „...
1452 975 1648 1038 etiam
1707 974 1872 1038 illud
1933 975 2171 1040 dicitur
2380 974 2656 1038 dixisse:
2700 980 2851 1056 ‘ego

765 1081 924 1148 mihi
971 1084 1186 1148 divum
1233 1085 1540 1169 adoptavi
1585 1107 1715 1150 non
1760 1086 2029 1151 filium'i‘

1282 1285 1758 1350 Antoninus
1803 1286 2017 1350 Pius.

662 1422 865 1488 Iulius
909 1423 1313 1506 Capitolinus
1358 1423 1566 1487 multa
1620 1423 1836 1487 omina
1880 1424 2205 1489 Antonino
2251 1381 2432 1487 facta¹
2476 1421 2664 1486 nobis
2710 1427 2845 1485 tra·

390 1597 395 1604 .
463 1534 646 1600 didit.

670 1645 903 1712 Omina
945 1649 1289 1732 imperium
1331 1649 1768 1732 significantia
1809 1650 1973 1714 haec
2019 1648 2244 1713 affert:

875 1762 1019 1825 Ant.
1065 1766 1121 1825 3.
1173 1767 1224 1825 1.
1273 1782 1462 1840 „nam
1510 1783 1657 1827 cum
1687 1761 1976 1828 tribunal
2006 1760 2424 1841 ascendisset,
2469 1762 2641 1826 inter
2673 1761 2859 1825 alias

772 1873 1282 1938 adclamationes
1315 1874 1560 1938 dictum
1595 1879 1696 1940 est
1741 1875 2070 1956 ‘Auguste,
2115 1874 2204 1937 dii
2245 1878 2310 1938 te
2356 1873 2631 1937 servent’

873 1985 958 2050 ib.
1007 1991 1063 2050 3.
1111 1991 1166 2051 3.
1252 1986 1358 2065 „in
1402 1987 1870 2070 proconsulatu
1916 1986 2114 2050 etiam
2169 1986 2263 2050 sic
2337 1987 2595 2069 imperii
2656 2006 2856 2050 omen

669 2156 675 2162 .
773 2097 1056 2181 accepit:
1136 2119 1285 2162 nam
1346 2119 1492 2162 cum
1567 2099 1873 2164 sacerdos
1932 2098 2173 2163 femina
2233 2098 2469 2162 Trallis
2527 2119 2606 2162 ex
2663 2119 2859 2162 more

770 2211 1192 2294 proconsules
1250 2232 1506 2294 semper
1562 2211 1688 2275 hoc
1753 2211 2010 2275 nomine
2071 2210 2421 2289 salutaret,
2483 2231 2609 2274 non
2672 2208 2854 2274 dixit

772 2324 925 2387 ‘Ave
963 2323 1387 2407 proconsule',
1436 2323 1550 2387 sed
1597 2323 1798 2387 ‘Have
1842 2322 2264 2406 imperator'“

872 2434 957 2498 ib.
1001 2441 1056 2498 3.
1104 2441 1160 2499 4.
1251 2435 1499 2520 „Cyzici
1545 2436 1742 2499 etiam
1789 2435 1868 2498 de
1905 2435 2255 2499 simulacro
2302 2434 2407 2498 dei
2452 2432 2535 2497 ad
2559 2438 2858 2497 statuam

774 2547 912 2610 eius
957 2568 1197 2611 corona
1242 2547 1567 2612 translata
1612 2551 1749 2611 est“

874 2658 959 2723 ib.
1015 2664 1071 2722 3.
1136 2666 1191 2725 5.
1282 2666 1387 2739 „et
1444 2665 1595 2742 post
1652 2660 2061 2723 consulatum
2127 2660 2193 2722 in
2252 2658 2559 2722 virdiario
2613 2663 2858 2722 taurus

773 2792 1175 2835 marmoreus
1239 2772 1543 2836 cornibus
1609 2772 1808 2836 ramis
1855 2771 2108 2836 arboris
2154 2769 2684 2835 adcrescentibus
2729 2770 2857 2833 ad-

773 2904 1012 2965 pensus
1052 2889 1190 2948 est“

876 3001 984 3090 „et
1026 2982 1242 3079 fulgur
1301 2996 1482 3061 caelo
1547 3017 1778 3060 sereno
1842 2996 1979 3060 sine
2033 3016 2203 3060 noxa
2260 2996 2327 3059 in
2395 2994 2533 3059 eius
2580 2994 2853 3060 domum

720 3096 725 3101 ’
771 3108 984 3173 venit“

878 3226 983 3300 „et
1034 3221 1101 3284 in
1152 3220 1420 3285 Etruria
1474 3220 1682 3301 dolia,
1746 3242 1913 3304 quae
1975 3220 2236 3285 defossa
2293 3219 2583 3298 fuerant,
2646 3241 2857 3302 supra

772 3338 1018 3397 terram
1064 3339 1330 3416 reperta
1374 3339 1562 3397 sunt“

877 3450 1170 3525 „statuas
1204 3445 1342 3509 eius
1369 3446 1436 3509 in
1465 3446 1640 3510 omni
1673 3445 1937 3510 Etruria
1969 3466 2240 3510 examen
2277 3445 2495 3527 apium
2532 3444 2851 3526 replevit“

876 3563 982 3636 „et
1022 3558 1270 3621 somnio
1317 3578 1513 3640 saepe
1546 3557 1829 3622 monitus
1875 3562 1976 3622 est
2014 3557 2114 3622 dis
2155 3557 2503 3641 penatibus
2546 3556 2682 3621 eius
2713 3555 2852 3621 Ha-

773 3670 985 3734 driani
1034 3669 1453 3733 simulacrum
1499 3670 1828 3734 insererei‘

672 3782 1022 3847 Praeterea
1053 3782 1454 3865 Capitolinus
1485 3782 1828 3847 nonnullas
1860 3783 2267 3847 calamitates
2317 3787 2515 3864 atque
2546 3781 2856 3865 prodigia

470 3900 826 3974 enumerat,
875 3917 1018 3959 cum
1068 3894 1276 3960 dicat:
1325 3895 1658 3974 „Adversa
1703 3896 1842 3960 eius
1887 3894 2291 3978 temporibus
2340 3894 2505 3958 haec
2536 3914 2857 3976 provene-

463 4014 674 4086 runt“,
719 4007 834 4071 sed
860 4028 1072 4089 neque
1104 4007 1261 4089 quid
1292 4007 1798 4089 significaverint
1828 4028 2038 4089 neque
2073 4013 2294 4071 utrum
2326 4006 2584 4069 omnino
2632 4005 2860 4070 omina

466 4121 596 4185 sint
640 4118 871 4183 habita
913 4140 1149 4197 necne,
1214 4123 1697 4183 commemorat.

673 4230 891 4295 Nihilo
950 4231 1160 4294 secius
1224 4231 1380 4294 mihi
1441 4251 1519 4294 ea
1574 4229 1908 4294 afferenda
1951 4230 2288 4309 videntur,
2354 4251 2500 4293 cum
2561 4229 2864 4296 dubitari

465 4365 592 4408 non
637 4345 878 4426 possit,
942 4343 1125 4424 quin,
1194 4343 1246 4407 si
1294 4364 1420 4405 non
1467 4342 1979 4419 calamitatibuS,
2040 4348 2260 4410 tamen
2305 4347 2481 4405 certe
2527 4344 2864 4424 portentis

467 4455 715 4549 aliquid
760 4454 1288 4538 praenuntiatum
1338 4475 1477 4518 esse
1525 4453 1844 4519 creditum
1896 4455 1997 4524 sit.
