3167 5067
1487 337 1922 399 —56—

930 508 1052 572 Dio
1102 508 1217 590 Ep.
1265 507 1518 570 LXXV.
1567 513 1625 570 4.
1673 510 1860 570 2—5.
1952 494 2036 591 ἦν
2092 507 2217 590 μὲν
2279 502 2406 589 γὰρ
2471 500 2513 589 ἡ
2559 506 2916 570 τελευταία

827 617 957 705 πρὸ
1000 628 1140 686 τῶν
1186 623 1501 703 Κρονίων
1539 621 1969 703 ἱπποδρομία,
2014 617 2126 683 καὶ
2159 616 2575 701 συνέδραμεν
2622 611 2687 694 ἐς
2733 610 2915 682 αὐτὸ

827 730 1116 800 ἄπλετόν
1173 757 1237 798 τι
1301 739 1517 817 χρῆμα
1582 728 1971 814 ἀνθρώπων
2016 782 2029 795 .
2059 782 2071 795 .
2100 782 2113 795 .
2162 726 2463 796 ἐνταῦθα
2517 725 2921 813 σιγάσαντες

825 841 1151 930 ἀλλήλους
1186 844 1500 929 ἐξαίφνης
1543 842 1660 921 τοὶς
1702 867 1771 909 τε
1805 850 2025 926 χεῖρας
2066 839 2308 919 πάντες
2337 837 2472 925 ἅμα
2506 836 2912 925 συνεκρότη-

829 962 957 1023 σαν
999 956 1110 1022 καὶ
1154 952 1737 1041 προσεπεβόησαν,
1784 952 2098 1039 εὐτυχίαν
2140 961 2225 1041 τῇ
2269 961 2396 1019 τοῦ
2438 955 2660 1038 δῆμον
2704 968 2918 1037 σωτη-

831 1066 942 1159 ριᾴ
987 1065 1372 1154 αἰτούμενοι
1418 1120 1474 1134 ..
1503 1120 1516 1133 .
1565 1064 1744 1134 οὕτω
1790 1066 1913 1152 μὲν
1970 1066 2042 1132 ἔκ
2102 1091 2284 1145 τινος
2328 1069 2519 1144 θείας
2565 1062 2920 1142 ἐπιπνοίας

833 1180 1324 1248 ἐνεθουσίασαν

931 1292 1018 1357 ib.
1065 1298 1123 1356 4.
1173 1298 1229 1357 6.
1318 1293 1430 1359 καὶ
1482 1301 1619 1376 πῦρ
1680 1294 2028 1376 αἰφνίδιον
2070 1289 2315 1370 νυκτὸς
2362 1288 2434 1357 ἐν
2487 1298 2582 1377 τῷ
2628 1286 2771 1375 ἀέρι
2813 1300 2919 1381 τῷ

833 1403 1000 1490 πρὸς
1050 1408 1306 1490 βορρᾶν
1369 1413 1701 1472 τοσοῦτον
1764 1401 1964 1490 ὤφθη
2032 1401 2193 1471 ὥστε
2256 1402 2414 1482 τοὺς
2457 1404 2582 1489 μὲν
2628 1402 2753 1491 τὴν
2796 1402 2918 1471 πό-

833 1523 939 1583 λιν
1014 1514 1180 1603 ὅλην
1245 1515 1403 1597 τοὺς
1475 1517 1546 1584 δὲ
1612 1517 1724 1583 καὶ
1788 1513 1910 1584 τὸν
1965 1512 2262 1599 οὐρανὸν
2322 1511 2535 1584 αὐτὸν
2599 1521 2920 1583 καίεσθαι

834 1632 1062 1697 δοκεῖν

931 1741 1018 1806 ib.
1067 1748 1125 1806 4.
1174 1747 1230 1805 7.
1320 1739 1527 1821 ψεκὰς
1582 1738 1656 1807 ἐν
1713 1744 1949 1831 αἰθρίᾳ
2007 1738 2448 1828 ἀργυροειδὴς
2499 1742 2564 1821 ἐς
2617 1740 2745 1828 τὴν
2789 1751 2921 1809 τοῦ

831 1849 1236 1939 Αὐγούστου
1277 1849 1535 1940 ἀγορὰν
1583 1851 1935 1939 κατερρύη.

730 1965 899 2045 Quid
943 1965 1313 2048 significare
1357 1966 1533 2030 visus
1594 1966 1680 2029 sit
1721 1971 2005 2060 cometes
2044 1965 2153 2029 ille
2199 1966 2444 2030 Romae
2493 1973 2911 2050 conspectus,

524 2084 701 2143 certe
749 2098 1137 2160 cognoscere
1183 2099 1311 2143 non
1351 2099 1715 2162 possumus.
1803 2077 1928 2142 Dio
1974 2076 2237 2142 scribit:

934 2190 1195 2255 LXXV.
1245 2195 1342 2255 16.
1394 2198 1449 2256 5.
1546 2186 1750 2276 ὤφθη
1792 2191 1863 2257 δὲ
1910 2190 2017 2257 ἐπὶ
2066 2188 2313 2269 πολλὰς
2358 2188 2603 2277 ἡμέρας
2652 2193 2764 2259 καὶ
2809 2218 2919 2259 κο-

832 2301 1043 2388 μήτης
1088 2299 1298 2389 ἀστὴρ
1346 2304 1418 2370 έν
1452 2312 1535 2391 τῇ
1569 2300 1817 2390 Ῥώμῃ,
1860 2304 1972 2369 καὶ
2018 2298 2144 2370 οὐκ
2190 2301 2410 2370 αἴσιόν
2454 2328 2517 2371 τι
2568 2309 2920 2391 σημαίνειν

833 2412 1111 2500 ἐλέγετο.
2131 2499 2138 2504 ⁵

726 2527 1057 2591 Plautiani
1100 2527 1405 2591 interitus
1451 2528 1724 2592 ostentis
1767 2527 2186 2591 denuntiatus
2233 2548 2376 2591 esse
2421 2527 2801 2593 videbatur:

939 2639 1061 2704 Dio
1110 2640 1225 2722 Ep.
1271 2639 1556 2704 LXXVI.
1607 2645 1662 2702 2.
1718 2645 1769 2718 1,
1807 2646 1863 2703 2.
1954 2639 2026 2705 ἐν
2070 2639 2141 2706 δὲ
2187 2648 2282 2729 τῷ
2331 2643 2589 2729 Βεσβίῳ
2635 2650 2727 2731 ‘tq‘
2777 2638 2921 2726 ὄρει

834 2760 970 2836 πῦρ
1015 2778 1085 2819 τε
1127 2759 1441 2819 πλεῖστον
1481 2751 1792 2838 ἐξέλαμπε
1839 2751 1950 2817 καὶ
1989 2749 2346 2837 μυκήματα
2385 2752 2660 2838 μέγιστα
2708 2753 2919 2838 ἐγένε-

833 2889 932 2944 το,
965 2861 1126 2931 ὥστε
1160 2865 1272 2931 καὶ
1308 2864 1373 2943 ές
1404 2862 1529 2951 τὴν
1565 2861 1854 2949 Καπύην
1898 2916 1910 2930 .
1942 2916 1953 2929 .
1984 2916 1997 2929 .
2047 2863 2537 2949 ἐξακουσθῆναι
2563 2883 2576 2896 ·
2624 2918 2636 2931 .
2672 2919 2683 2931 .
2718 2919 2730 2931 .
2780 2866 2920 2934 ἐδό-

832 3002 933 3043 κει
980 2966 1107 3044 οὗν
1153 2977 1224 3044 ἐκ
1270 2985 1408 3066 τῶν
1453 2978 1606 3059 περὶ
1650 2974 1726 3042 τὸ
1768 2975 2051 3061 Βέσβιον
2095 2974 2480 3061 γεγονότων
2524 2976 2812 3063 νεοχμόν
2858 3004 2922 3045 τι

837 3088 1126 3169 ἔσεσθαι,
1171 3090 1283 3156 καὶ
1314 3089 1542 3175 μέντοι
1582 3089 1694 3155 καὶ
1738 3086 1818 3154 τὰ
1864 3089 2016 3173 περὶ
2049 3085 2172 3155 τὸν
2203 3087 2635 3156 Πλαυτιανὸν
2678 3086 2921 3158 αὐτίκα

836 3201 1226 3288 ἐνεοχμώθη

936 3314 1022 3378 ib.
1072 3319 1127 3378 3.
1174 3319 1232 3377 4.
1322 3310 1544 3399 »ὅμως
1593 3310 1833 3380 πιστὸν
1877 3309 2043 3379 αὐτὸ
2106 3312 2258 3397 (sibi
2329 3333 2369 3377 a
2428 3313 2775 3378 Plautiano
2819 3314 2922 3378 in-

836 3424 1036 3490 sidias
1072 3426 1324 3509 parari)
1369 3426 1550 3505 ἔδοξε
1596 3434 1691 3515 τῷ
1728 3424 2071 3515 Σεουήρῳ,
2122 3422 2225 3493 ὅτι
2269 3433 2351 3514 τῇ
2396 3427 2591 3493 νυκτὶ
2635 3434 2717 3514 τῇ
2762 3450 2923 3510 προ-

834 3541 1064 3628 τεραίᾳ
1109 3535 1229 3604 τὸν
1267 3533 1567 3623 Ἀλβῖνον
1612 3533 1777 3620 ὄναρ
1826 3537 2044 3617 ζῶντά
2093 3563 2160 3604 τε
2221 3540 2331 3605 καὶ
2394 3536 2925 3624 ἐπιβουλεύοντα

838 3646 1024 3742 αὑτῷ
1071 3648 1349 3735 έοράκει.
2468 3632 2475 3637 ⁸

732 3762 1027 3844 Denique
1075 3761 1644 3827 commemoranda
1707 3767 1858 3826 sunt
1904 3762 2032 3825 duo
2078 3762 2379 3840 oracula,
2427 3783 2704 3844 quorum
2753 3763 2922 3827 alte-

525 3897 688 3954 rum,
735 3875 994 3957 qualem
1032 3876 1308 3940 Severus
1354 3874 1421 3937 in
1468 3896 1538 3938 re
1582 3874 1849 3958 publiea
1894 3874 2178 3956 regenda
2220 3895 2288 3938 se
2332 3875 2771 3957 praestiturus
2819 3876 2927 3954 sit,

525 3987 823 4066 alterum,
871 3986 1082 4070 qualis
1126 3992 1540 4070 posterorum
1589 3986 1853 4051 fortuna
1895 3986 2119 4051 futura
2166 3987 2269 4065 sit,
2314 3987 2771 4069 praenuntiat:

941 4099 1154 4180 Spart.
1200 4098 1345 4180 Nig.
1381 4105 1437 4163 8.
1487 4105 1540 4177 1,
1595 4104 1651 4163 2.
1742 4098 2074 4180 „Denique
2122 4098 2351 4163 Delfici
2388 4099 2702 4182 Apollinis
2738 4105 2927 4164 vates

834 4211 899 4275 in
932 4216 1114 4275 motu
1144 4211 1240 4275 rei
1279 4209 1584 4295 publicae
1614 4210 1915 4288 maximO,
1964 4231 2111 4274 oum
2152 4212 2562 4275 nuntiaretur
2594 4215 2731 4274 tres
2778 4232 2928 4276 esse

833 4324 1294 4407 imperatoreS,
1361 4324 1670 4388 Severum
1730 4372 1858 4402 ...,
1904 4321 2196 4407 Nigrum,
2244 4373 2257 4387 .
2283 4372 2338 4387 ..
2388 4322 2720 4401 Albinum,
2770 4343 2927 4388 oon-
