3167 5067
1428 363 1860 425 -88-

444 530 936 596 vertendum
1005 535 1084 594 et
1148 531 1824 613 respiciendum,
1912 553 2152 614 quam
2223 532 2422 596 aliis
2496 537 2835 615 tempo-

440 641 694 707 ribus,

649 755 1038 835 VideamuS,
1099 777 1253 820 num
1299 755 1380 820 de
1422 756 1668 835 causiS,
1726 756 1965 839 quibus
2013 756 2137 820 hoc
2188 756 2490 822 effectum
2531 757 2647 834 sit,
2710 756 2835 819 ali-

443 868 600 951 quid
645 868 988 933 enucleare
1029 869 1352 951 possimus
1376 868 1445 952 1).

649 981 940 1045 Plurima
996 982 1212 1044 omina
1271 981 1528 1065 imperii
1597 982 1958 1065 reperimus
2030 981 2208 1064 apud
2274 983 2639 1065 Augustum
2714 982 2831 1065 (23

442 1094 648 1179 [54]),
711 1094 985 1158 Galbam
1034 1096 1137 1179 (11
1211 1094 1412 1179 [18])‚
1476 1094 1945 1177 Vespasianum
2004 1098 2115 1178 (18
2173 1095 2377 1180 [39]),
2439 1095 2832 1178 Septimium

442 1208 747 1274 Severum
798 1210 906 1293 (22
945 1207 1133 1292 [33]),
1180 1207 1620 1272 Alexandrum
1672 1207 1981 1272 Severum
2014 1208 2170 1292 (21).
2262 1209 2360 1272 Ex
2406 1208 2643 1292 quibus
2690 1214 2831 1274 tres

386 1321 395 1332 ’
445 1327 644 1404 atque
687 1320 766 1400 ii,
823 1320 1000 1403 apud
1046 1341 1208 1403 quos
1251 1321 1535 1403 plurima
1596 1326 1661 1384 et
1723 1320 2147 1385 celeberrima
2193 1327 2545 1385 occurrunt
2588 1323 2829 1397 omina,

443 1432 694 1516 aliquid
735 1453 1072 1497 commune
1117 1431 1394 1512 habent,
1449 1454 1601 1497 nam
1664 1438 1730 1497 et
1774 1434 2107 1516 Augustus
2166 1439 2232 1498 et
2275 1434 2717 1517 Vespasianus
2762 1439 2833 1498 et

443 1545 795 1629 Septimius
839 1546 1114 1611 Severus
1156 1550 1305 1629 post
1352 1546 1701 1609 maximam
1746 1546 1949 1610 totius
1971 1546 2230 1629 imperii
2261 1546 2830 1630 perturbationem

441 1680 581 1723 rem
624 1658 954 1741 publicam
1013 1657 1384 1722 refecerunt
1439 1662 1505 1722 et
1556 1658 1744 1741 quasi
1802 1679 2040 1722 novum
2100 1659 2385 1724 omnium
2429 1680 2648 1723 rerum
2691 1666 2829 1724 sta-

440 1777 578 1836 tum
627 1772 1119 1836 constituerunt.
1210 1770 1497 1853 Cumque
1556 1770 1626 1834 hi
1686 1792 1906 1835 omnes
1966 1792 2096 1836 non
2157 1777 2294 1837 tam
2354 1749 2491 1836 nixi
2532 1771 2828 1855 legitimo

442 1884 725 1966 quodam
766 1885 943 1963 iure,
989 1904 1185 1965 quam
1230 1883 1291 1946 vi
1344 1888 1410 1947 et
1453 1884 1651 1947 armis
1674 1934 1689 1963 ,
1741 1883 2013 1948 aemulis
2055 1883 2433 1964 debellatis,
2495 1885 2828 1970 principa-

440 2001 579 2061 tum
642 1996 864 2079 adepti
929 2000 1147 2060 essent
1201 2000 1399 2077 atque
1459 1995 1706 2060 idcirco
1750 1997 2060 2061 maiestas
2108 1997 2431 2080 quaedam
2474 2002 2540 2062 et
2586 1999 2829 2061 sancti-

439 2113 544 2174 tas
604 2130 827 2173 eorum
895 2107 1168 2191 imperio
1215 2106 1502 2187 deesset,
1565 2107 1811 2172 factum
1851 2113 1951 2173 est
2011 2130 2246 2192 magno
2289 2111 2609 2189 ominum,
2654 2130 2830 2192 quae
2919 2192 2923 2195 ἢ

439 2221 568 2285 illis
635 2242 904 2304 regnum
980 2219 1448 2300 ostendissent,
1514 2241 1819 2300 numer0,
1892 2226 1966 2285 ut
2021 2221 2185 2286 illud
2241 2203 2373 2286 'non
2426 2221 2692 2305 proeliis
2759 2228 2832 2287 et

442 2332 753 2397 caedibus
796 2338 1121 2416 paratum,
1168 2330 1283 2396 sed
1327 2331 1630 2412 deorum,
1679 2334 1788 2415 qui
1836 2332 2235 2398 voluntatem
2280 2356 2464 2399 suam
2507 2334 2828 2417 prodigiis

440 2449 507 2510 et
551 2444 871 2510 ominibus
901 2444 1511 2524 manifestavissent,
1558 2466 1760 2528 opera
1792 2450 1858 2509 et
1891 2446 2105 2528 gratia
2139 2452 2541 2512 exstructum
2573 2447 2821 2511 videre-

441 2563 550 2622 tur
580 2556 687 2641 (cf.
721 2556 878 2639 quid
908 2556 1094 2622 Treb.
1130 2556 1336 2621 Pollio
1379 2556 1459 2621 de
1505 2556 1759 2622 Claudii
1790 2558 2089 2641 posteriS,
2137 2558 2515 2624 Constantio
2563 2564 2628 2623 et
2661 2559 2829 2624 Con-

441 2670 746 2749 stantin0‚
791 2668 986 2749 dicat,
1032 2668 1254 2734 Claud.
1293 2674 1388 2734 lo.
1442 2675 1511 2734 1:
1573 2670 2038 2753 „exprimenda
2085 2676 2185 2735 est
2230 2692 2370 2736 sors
2422 2692 2589 2754 quae
2635 2671 2828 2736 Clau-

442 2781 549 2846 dio
609 2780 766 2845 data
833 2802 973 2846 esse
1030 2782 1414 2864 perhibetur
1474 2782 1956 2865 Commagenis,
2023 2789 2098 2847 ut
2150 2783 2537 2866 intellegant
2582 2805 2828 2864 omneS‚

443 2915 645 2977 genus
702 2893 958 2959 Claudii
1014 2894 1100 2957 ad
1139 2892 1519 2958 felicitatem
1582 2894 1678 2958 rei
1727 2917 1789 2978 p.
1868 2895 2175 2960 divinitus
2233 2897 2697 2961 constitutum“
2759 2902 2831 2960 et

442 3006 841 3072 enumeratis
882 3006 1149 3089 imperii.
1198 3006 1415 3089 signis,
1484 3006 1569 3071 ib.
1622 3011 1718 3070 10.
1768 3012 1839 3071 7:
1930 3028 2137 3091 ‚aquae
2197 3008 2443 3072 idcirco
2502 3009 2693 3092 posui
2751 3015 2830 3073 ut

341 3108 344 3110 Α
442 3120 528 3184 sit
571 3118 868 3184 omnibus
915 3119 1195 3198 clarum,
1246 3117 1697 3183 Constantium
1744 3119 1943 3183 divini
1980 3120 2234 3202 generis
2280 3122 2507 3200 virum,
2551 3122 2827 3185 sanctis-

442 3232 674 3297 simum
719 3232 1066 3296 Caesarem
1113 3237 1179 3296 et
1222 3232 1557 3314 Augustae
1603 3219 1815 3315 ipsum
1860 3230 2147 3296 familiae
2195 3253 2337 3297 esse
2384 3238 2451 3297 et
2496 3235 2828 3316 Augustos

441 3344 679 3408 multos
724 3343 804 3408 de
850 3365 919 3408 se
965 3343 1357 3428 daturum“).
1446 3343 1593 3407 Huc
1634 3344 1917 3424 accedit,
1971 3344 2147 3427 quod
2191 3344 2424 3410 horum
2472 3346 2827 3411 Caesarum

441 3476 849 3521 successores
899 3455 1128 3519 eadem
1171 3461 1362 3537 gente
1421 3457 1560 3521 nati
1622 3477 1854 3539 magno
1915 3458 2199 3521 ominum
2252 3479 2523 3523 numero
2579 3465 2827 3540 carent,

441 3590 593 3633 nam
653 3566 717 3631 C.
767 3564 1099 3649 Caligulae
1146 3572 1216 3647 2,
1275 3566 1544 3632 Claudio
1605 3567 1810 3647 nulla,
1873 3569 2117 3634 Neroni
2162 3575 2197 3634 3
2247 3573 2373 3655 (5),
2432 3571 2579 3635 Tito
2626 3577 2661 3636 3
2709 3573 2827 3657 (4),

442 3680 814 3745 Domitiano
869 3684 903 3742 2
953 3681 1048 3764 (3)
1068 3717 1086 3760 -,
1167 3679 1544 3744 Caracallae
1608 3687 1681 3759 4,
1733 3679 1955 3745 *Getae
2023 3687 2050 3746 1
2119 3682 2521 3747 obvenerunt
2590 3683 2824 3748 omina.

652 3888 703 3956 1)
739 3886 1100 3941 Manifestum
1137 3892 1223 3940 est
1258 3887 1426 3941 etiam
1460 3887 1595 3941 alias
1632 3904 1855 3956 causas,
1910 3888 2110 3957 quibus
2147 3887 2512 3957 efficiebatur,
2550 3893 2613 3943 ut
2646 3889 2826 3943 homi—

442 3992 542 4028 nes
588 3975 759 4029 certis
810 3974 1158 4042 temporibus
1213 3973 1477 4027 libentius
1533 3974 1693 4044 signa
1744 3975 2121 4043 respicerent,
2177 3992 2343 4043 quam
2393 3976 2515 4029 aliis
2561 3977 2653 4045 (cf.
2691 3976 2823 4031 Tac.

441 4063 568 4116 hist.
606 4059 655 4114 Ι.
692 4064 759 4114 86
796 4101 844 4129 ,,.
868 4100 879 4113 .
902 4101 914 4114 .
967 4063 1026 4113 et
1074 4060 1235 4128 plura
1282 4059 1418 4127 alia,
1471 4061 1701 4115 rudibus
1740 4060 1973 4114 saeculis
2011 4061 2178 4115 etiam
2223 4063 2279 4114 in
2331 4080 2471 4131 pace
2515 4064 2824 4132 observata,

436 4153 584 4218 ‘quae
620 4165 768 4200 nunc
804 4149 1021 4199 tantum
1063 4147 1119 4199 in
1155 4151 1311 4200 metu
1347 4147 1705 4215 audiuntur“)
1744 4148 2022 4201 exstitisse
2058 4152 2116 4201 et
2167 4166 2331 4217 posse
2368 4150 2618 4218 reperiri,
2656 4154 2826 4218 atque

442 4253 555 4302 eae,
596 4252 731 4302 quas
769 4233 984 4303 paginis
1019 4233 1437 4304 insequentibus
1476 4234 1989 4287 demonstravimus,
2062 4234 2188 4288 Sed.
2228 4236 2373 4290 hanc
2410 4253 2530 4289 rem
2571 4240 2693 4289 tum
2729 4237 2826 4290 de—

427 4339 593 4385 ,mum
631 4320 946 4373 accuratius
1002 4324 1060 4372 et
1109 4320 1335 4373 uberius
1375 4320 1673 4373 tractaturi
1714 4337 1917 4388 sumus,
1958 4338 2086 4373 cum
2126 4322 2293 4375 etiam
2332 4326 2650 4377 ceterorum
2691 4323 2827 4376 omi-

442 4425 576 4460 num
613 4424 946 4475 eorumque,
1001 4422 1140 4474 quae
1193 4412 1323 4460 ante
1375 4407 1675 4459 Caesarum
1722 4412 1978 4476 tempora
2028 4409 2497 4477 observabantur,
2549 4410 2826 4463 rationem

443 4495 650 4548 habere
687 4510 996 4562 possumus.
