3167 5067
1228 361 1663 424 ...15-

255 526 577 607 sequitur,
622 527 1097 609 aliquantulum
1145 531 1372 609 aliter,
1437 537 1635 614 atque
1682 533 1766 597 ab
1815 533 2217 613 HerodianO,
2275 556 2403 616 quo
2451 537 2643 600 modo

254 657 363 702 res
398 639 745 719 evenerint,
781 639 1171 724 depingitur.
1261 642 1384 707 Dio
1405 649 1637 708 narrat
1662 649 1876 709 vatem
1897 644 2275 710 Africanum
2299 648 2642 730 imperium

254 749 535 814 Macrini
580 756 647 815 et
691 752 1191 818 Diadumeniani
1234 754 1524 819 futurum
1554 755 1977 843 praedixisse,
2025 756 2104 822 de
2154 779 2285 839 qua
2329 759 2642 823 vaticina-

252 860 435 925 tione
480 862 777 927 Flavium
822 863 1301 936 Maternianum
1334 866 1742 931 Caracallam
1783 868 2127 932 certiorem
2173 868 2421 934 fecisse.
2514 870 2643 934 Sed

253 974 478 1037 statim
523 975 720 1039 etiam
767 975 1030 1059 Ulpium
1072 976 1405 1042 Julianum
1467 978 1546 1041 de
1607 979 1733 1043 hac
1787 1001 1859 1043 re
1899 980 2155 1044 litteras
2203 980 2458 1045 dedisse
2503 981 2643 1046 Ma-

254 1085 437 1149 crino
481 1087 626 1169 ipsi,
673 1093 739 1152 et
771 1109 913 1153 cum
954 1109 1174 1153 omnes
1208 1089 1547 1171 epistulae,
1595 1111 1763 1172 quae
1798 1090 2176 1156 Caracallae
2207 1093 2641 1170 mitterentur,

254 1202 410 1262 ante
486 1199 570 1262 ad
630 1199 862 1264 Iuliam
936 1206 1213 1265 matrem
1274 1201 1553 1283 eligendi
1614 1223 1812 1266 causa
1854 1203 2283 1284 Antiochiam
2338 1210 2642 1287 portatae

253 1315 489 1391 essent,
536 1331 667 1392 qua
711 1332 782 1375 re
830 1332 1014 1375 mora
1044 1314 1418 1392 exstitisset,
1465 1313 1712 1378 factum
1761 1334 1918 1393 esse,
1965 1319 2038 1378 ut
2077 1315 2409 1379 Macrinus
2440 1318 2640 1399 prius,

253 1440 451 1502 quam
497 1422 871 1502 Caracalla,
933 1424 1459 1489 vaticinationem
1510 1430 1948 1507 cognosceret.
2040 1426 2288 1490 Deinde
2335 1428 2639 1492 Caracal-

250 1530 382 1595 lam
434 1538 704 1598 auctore
749 1534 1057 1613 MacrinO,
1107 1555 1298 1617 quem
1340 1542 1687 1619 praeterea
1731 1536 2165 1617 sollicitasset,
2222 1538 2397 1620 quod
2438 1539 2637 1622 paulo

253 1651 407 1710 ante
454 1647 652 1711 etiam
700 1646 972 1729 Serapio
1036 1646 1301 1728 quidam
1348 1649 1704 1732 Aegyptius
1765 1648 2171 1713 Caracallam
2215 1649 2398 1714 brevi
2445 1652 2640 1715 mori-

251 1762 469 1823 turum
536 1763 602 1823 et
646 1758 1010 1822 Macrinum
1055 1779 1495 1824 successorem
1540 1761 2100 1843 praenuntiasset,
2167 1762 2440 1826 consciis
2482 1783 2637 1827 non-

254 1870 452 1935 nullis
501 1869 777 1936 ducibus
823 1893 864 1934 a
907 1869 1211 1948 Martiale
1259 1872 1541 1935 occisum
1589 1892 1748 1936 esse.

460 1982 769 2047 Videmus
842 1982 1287 2048 Herodianum
1345 1988 1411 2047 et
1455 1982 1729 2047 Dionem
1794 1984 1861 2047 in
1919 2005 1991 2047 re
2039 1984 2474 2049 describenda
2522 1987 2637 2049 ali-

253 2093 640 2176 quantulum
674 2093 1035 2172 dissentire,
1081 2093 1198 2157 sed
1226 2100 1576 2176 utrumque
1619 2094 1947 2175 explicare
1991 2096 2264 2159 Macrini
2301 2098 2636 2161 consilium

251 2204 630 2270 Caracallae
710 2204 1141 2269 interficiendi
1226 2226 1305 2268 ex
1376 2205 1490 2268 illo
1569 2206 1874 2269 vaticinio
1963 2207 2273 2288 originem
2356 2207 2635 2273 duxisse.

251 2316 442 2395 Quod
502 2317 626 2381 Dio
687 2338 822 2381 rem
887 2315 1236 2384 admodum
1289 2316 1483 2381 aliter
1545 2316 1886 2395 describit,
1948 2324 2146 2399 atque
2203 2318 2636 2399 HerodianuS,

250 2427 630 2510 intellegere
706 2449 1077 2511 possumne,
1141 2427 1339 2491 alium
1400 2449 1478 2492 ex
1539 2429 1669 2491 alio
1731 2428 1910 2491 fonte
1961 2428 2290 2507 hausisse,
2362 2452 2493 2513 qua
2564 2453 2636 2494 re

253 2540 617 2617 auctoritas
693 2540 1091 2622 argumenti,
1173 2538 1346 2621 quod
1408 2540 1647 2603 attinet
1712 2540 1794 2603 ad
1848 2539 2027 2603 illam
2089 2541 2634 2630 vaticinationem,

249 2655 547 2733 augetur.

497 2761 857 2828 Herodiani
912 2762 1114 2827 verba
1185 2761 1379 2841 εἰδώς
1438 2788 1506 2829 τε
1582 2763 1990 2845 (Μακρῖνος)
2056 2772 2181 2830 τοῦ
2241 2759 2635 2832 Άντωνίνου

246 2872 370 2941 τὸν
410 2872 637 2960 θυμὸν
694 2875 805 2940 καὶ
866 2871 943 2941 τὸ
991 2872 1281 2959 φονικὸν
1326 2874 1432 2940 ἐπὶ
1478 2882 1777 2941 τοιοῖσθε
1823 2872 2193 2961 γράμμασι,
2251 2877 2390 2942 καὶ
2435 2876 2634 2960 πρό-

247 3003 518 3071 φασιν
562 2981 787 3075 αὐτῷ
851 2982 1218 3071 εὔλογον
1261 2983 1858 3069 ὑπάρξουσαν,
1918 2984 2043 3071 τὴν
2104 2987 2226 3072 μὲν
2281 2986 2636 3074 ἐπιστολὴν

244 3096 634 3182 ὑφαιρεῖται
661 3097 710 3179 1)
755 3098 973 3160 nescio
1025 3118 1103 3160 an
1154 3097 1300 3179 quis
1342 3096 1543 3161 talem
1596 3097 1663 3159 in
1704 3096 1968 3160 modum
2008 3097 2514 3179 interpretetur,
2560 3105 2635 3162 ut

246 3212 514 3273 censeat
589 3207 951 3271 Macrinum
1035 3207 1439 3272 existimasse
1506 3208 1912 3272 Caracallam
1981 3207 2096 3271 illa
2167 3190 2633 3274 vaticinatione

240 3325 596 3403 praetextu
635 3340 903 3383 usurum
950 3324 1149 3401 atque
1179 3340 1307 3383 non
1335 3325 1470 3383 tam
1503 3325 1895 3384 metuentem
1941 3341 2011 3385 re
2059 3340 2215 3384 vera
2249 3341 2390 3385 eam
2437 3342 2632 3403 quam

240 3436 488 3495 metum
533 3431 725 3495 modo
773 3431 1185 3496 simulantem
1228 3431 1635 3514 praefectum
1690 3432 2022 3514 praetorio
2083 3454 2307 3510 suum,
2369 3433 2494 3497 sibi
2536 3433 2633 3496 in-

239 3543 634 3607 visissimum
655 3543 742 3627 2),
808 3564 842 3606 e
889 3543 1099 3607 medio
1147 3543 1559 3608 sublaturum
1606 3564 1764 3607 esse.
1855 3542 2014 3622 Sed,
2073 3545 2185 3626 qui
2228 3544 2462 3626 legerit
2505 3566 2635 3608 non

240 3652 455 3726 solum
505 3653 683 3735 apud
727 3654 889 3717 alios
937 3655 1320 3737 scriptores,
1385 3655 1500 3719 sed
1568 3654 1766 3718 etiam
1827 3654 2002 3736 apud
2057 3655 2266 3737 ipsum
2315 3656 2632 3719 Herodia-

238 3785 399 3828 num
423 3763 498 3847 3),
547 3784 740 3846 quam
778 3764 1036 3829 deditus
1069 3765 1268 3828 fuerit
1303 3765 1645 3829 Caracalla
1677 3786 2014 3847 magorum
2057 3772 2121 3829 et
2155 3767 2631 3848 astrologorum

241 3875 501 3939 artibus
521 3876 577 3958 4)
639 3881 705 3939 et
753 3880 1068 3957 quantum
1114 3876 1437 3939 valuerint
1484 3876 1660 3958 apud
1706 3897 1851 3941 eum
1900 3876 2168 3940 oracula
2208 3883 2275 3942 et
2319 3879 2631 3941 vaticina-

455 4032 505 4097 1)
544 4027 647 4083 IV.
687 4029 765 4082 12.
803 4031 851 4083 8.

449 4116 505 4182 2)
543 4113 647 4168 IV.
688 4117 767 4168 12.
809 4117 957 4168 1—-2,

449 4202 505 4269 3)
543 4199 646 4255 IV.
689 4202 766 4253 12.
805 4203 956 4254 3—4.

447 4289 503 4355 4)
545 4304 1040 4340 commemoremus
1079 4288 1418 4341 Caracallam
1455 4307 1693 4357 quoque,
1735 4291 1881 4343 sicut
1908 4290 2308 4357 Domitianum,
2350 4291 2629 4358 requisitis

240 4373 711 4429 nobilissimorum
764 4373 1034 4441 genituris
1093 4375 1229 4426 alios
1298 4375 1604 4428 honoribus
1656 4377 1792 4428 alios
1849 4376 2124 4446 supplicio
2193 4376 2440 4428 affecisse
2496 4375 2626 4442 (Dio

241 4458 579 4513 Lxxvm.
616 4461 664 4511 2.
697 4460 767 4526 3).
