3167 5067
1341 367 1771 429 —31-

674 534 741 595 et
815 536 1115 616 tempora
1174 535 1635 618 reputantibus
1657 585 1671 614 ,
1746 535 2002 601 initium
2064 536 2389 620 finemque
2446 538 2745 604 miraculi

672 664 819 708 cum
859 643 1134 710 Othonis
1180 646 1360 711 exitu
1406 647 1832 731 competisset‘

1337 931 1768 997 Vitellius,

562 1090 837 1157 Laetum
916 1094 1276 1177 auspicium
1335 1095 1596 1160 Vitellio
1656 1117 1799 1161 esse
1864 1096 2110 1162 factum
2128 1147 2143 1177 ,
2219 1119 2366 1162 cum
2430 1098 2743 1164 adversus

330 1201 677 1267 Othonem
721 1204 1265 1286 proficisceretur,
1311 1209 1595 1274 muntiat
1640 1208 2019 1274 Suetonius:

775 1316 897 1382 Vit.
946 1324 1002 1384 9.
1074 1367 1129 1398 ‚‚.
1155 1369 1208 1386 ..
1263 1340 1303 1383 a
1346 1326 1536 1403 parte
1570 1321 1806 1386 dextra
1841 1326 2109 1405 repente
2143 1322 2364 1404 aquila
2396 1321 2742 1403 advolavit,

658 1427 1086 1513 lustratisque
1127 1431 1328 1513 signis
1370 1433 1699 1515 ingressos
1743 1432 1911 1497 viam
1959 1432 2197 1498 sensim
2242 1434 2634 1500 antecessit“

562 1537 722 1604 Cum
765 1541 1126 1625 imperator
1186 1544 1554 1610 nominatus
1599 1543 1921 1627 flagrante
1963 1544 2248 1610 triclinio
2293 1565 2374 1610 ex
2420 1551 2741 1629 conceptu

333 1651 590 1715 camini
637 1658 1087 1720 consternatos
1147 1660 1345 1738 atque
1403 1656 1632 1721 anxios
1691 1657 1882 1740 quasi
1937 1656 2150 1721 omine
2196 1657 2471 1723 adverso
2517 1678 2740 1723 omnes

331 1762 624 1842 videret,
669 1764 914 1830 malum
959 1786 1148 1832 omen
1190 1767 1254 1832 in
1302 1767 1545 1834 bonum
1589 1768 1805 1849 vertit,
1851 1790 1998 1834 cum
2043 1769 2322 1835 diceret:

766 1877 988 1958 „Bono
1032 1879 1248 1945 animo
1293 1881 1533 1946 estote!
1578 1880 1767 1946 nobis
1808 1879 2100 1947 adluxit“
2144 1880 2348 1965 (Suet.
2395 1881 2523 1947 Vit.
2576 1884 2664 1966 8.)

560 1987 720 2055 Cum
762 1990 1122 2074 imperator
1162 1991 1379 2057 factus
1425 1996 1599 2058 esset
1615 2042 1630 2072 ,
1675 1993 1910 2059 mulier
1946 1992 2186 2059 Cattha
2229 1993 2589 2059 vaticinata
2634 1999 2736 2059 est

328 2100 441 2164 ita
513 2099 773 2166 demum
831 2100 1107 2169 firmiter
1166 2124 1245 2169 ac
1303 2104 1665 2170 diutissime
1722 2105 2195 2189 imperaturum
2214 2155 2229 2185 ,
2290 2107 2347 2171 si
2401 2111 2735 2190 superstes

328 2213 610 2296 parenti
652 2214 1012 2295 extitisset,
1067 2236 1263 2299 quam
1327 2216 1409 2282 ob
1457 2216 1988 2283 vaticinationem
2033 2217 2101 2282 in
2144 2218 2578 2302 suspicionem
2627 2238 2737 2283 vo-

279 2389 284 2394 .
330 2330 537 2389 catus
585 2329 685 2390 est
730 2326 1047 2408 Vitellius,
1092 2334 1369 2394 mortem
1415 2329 1646 2394 matris
1689 2327 1982 2395 effecisse
2025 2329 2231 2414 (Suet.
2279 2330 2404 2395 Vit.
2457 2331 2581 2414 14).

560 2437 636 2501 Ei
683 2459 943 2522 quoque
989 2441 1194 2506 multo
1238 2441 1448 2505 maior
1478 2463 1787 2510 numerus
1833 2442 2164 2525 signorum
2198 2442 2429 2506 mortis
2465 2442 2734 2507 exstitit.

765 2552 940 2617 Suet.
986 2552 1113 2621 Vit.
1162 2557 1218 2618 3.
1294 2554 1703 2637 „genituram
1762 2554 1902 2619 eius
1949 2554 2355 2637 praedictam
2401 2575 2442 2619 a
2487 2554 2737 2620 mathe-

661 2664 917 2730 maticis
961 2664 1057 2730 ita
1099 2670 1406 2749 parentes
1451 2665 1933 2731 exhorruerunt
1971 2671 2047 2731 ut
2089 2670 2281 2749 pater
2470 2670 2734 2731 conten-

662 2774 843 2855 derit,
887 2798 969 2842 ne
1000 2798 1130 2860 qua
1175 2778 1236 2842 ei
1279 2777 1617 2861 provincia
1644 2778 1788 2842 vivo
1835 2798 1904 2842 se
1938 2778 2471 2858 committeretur,
2517 2783 2731 2843 mater

662 2937 718 2952 ..
751 2938 765 2953 .
813 2889 1215 2973 appellatum
1260 2889 1727 2973 imperatorem
1771 2909 1891 2973 pro
1928 2888 2175 2955 afflicto
2222 2890 2445 2955 statim
2487 2890 2733 2956 lamen-

659 3004 803 3065 tata
847 3001 971 3066 sit“

759 3112 846 3178 ib.
894 3121 951 3181 9.
1036 3115 1217 3198 „ipso
1262 3119 1578 3193 movente,
1629 3118 1890 3179 statuae
1935 3118 2290 3197 equestres,
2338 3135 2485 3178 cum
2529 3113 2731 3196 pluri-

657 3224 892 3290 fariam
938 3225 998 3292 ei
1045 3231 1472 3310 ponerentur,
1529 3225 1760 3291 fractis
1823 3231 2091 3310 repente
2138 3224 2438 3291 cruribus
2482 3225 2734 3310 pariter

659 3344 1084 3405 corruerunt“

759 3451 1056 3530 ,‚laurea,
1109 3471 1304 3534 quam
1351 3450 1836 3532 religiosissime
1883 3449 2425 3531 circumdederat,
2469 3451 2537 3515 in
2580 3471 2732 3535 pro-

653 3562 958 3629 fluentem
1004 3561 1284 3628 excidit“

755 3695 946 3755 „mox
982 3675 1266 3740 Viennae
1306 3695 1426 3759 pro
1458 3674 1775 3740 tribunali
1819 3675 1967 3741 iura
1996 3675 2294 3740 reddenti
2328 3674 2754 3762 gallinaceus·

653 3807 853 3871 supra
899 3808 1190 3853 umerum
1236 3807 1314 3852 ac
1359 3786 1592 3853 deinde
1633 3787 1702 3850 in
1747 3788 1964 3871 capite
2009 3787 2256 3852 astitit“

316 3900 602 3982 (postea
681 3919 1032 3984 oppressus
1105 3904 1205 3964 est
1277 3897 1576 3964 Vitellius
1648 3897 1732 3963 ab
1795 3899 2077 3964 Antonio
2140 3898 2390 3977 Prim0,
2462 3897 2724 3962 homine

316 4008 703 4090 Gallicano,
750 4012 854 4077 cui
886 4011 1162 4076 Tolosae
1206 4015 1361 4076 nato
1395 4030 1753 4093 cognomen
1796 4011 1864 4075 in
1906 4010 2192 4095 pueritia
2223 4010 2434 4075 Becco
2477 4008 2725 4075 fuerat:

308 4122 391 4187 id
446 4119 629 4185 valet
673 4122 1018 4205 gallinacei
1067 4128 1370 4188 rostrum.
1417 4122 1593 4187 Suet.
1638 4122 1765 4188 Vit.
1817 4125 1944 4207 18).

754 4235 843 4301 ib.
897 4240 993 4300 14.
1069 4241 1257 4318 „post
1300 4234 1585 4300 edictum
1634 4256 1854 4314 suum,
1916 4256 2045 4319 quo
2087 4234 2359 4300 iubebat
2402 4234 2578 4299 intra
2620 4234 2725 4301 Kl.

653 4345 790 4411 Oct.
875 4345 1040 4412 urbe
1098 4345 1421 4429 Italiaque
1491 4346 1938 4412 mathematici
2018 4345 2435 4420 excederent,
2500 4347 2723 4411 statim

651 4455 910 4524 libellus
952 4459 1327 4542 propositus
1371 4463 1500 4536 est,
