3167 5067
1240 394 1328 406 ...
1417 361 1498 422 45
1568 394 1677 407 ,-

475 528 777 610 Legimus
821 528 998 612 apud
1041 527 1500 612 Capitolinum,
1550 530 1696 594 Ant.
1743 536 1799 594 9.
1851 535 1923 594 1:

676 640 992 719 „adversa
1036 641 1173 706 eius
1217 641 1620 725 temporibus
1664 640 1830 706 haec
1874 647 2345 726 provenerunt:
2403 641 2647 707 fames“

677 752 875 831 „circi
919 753 1149 818 ruina“

672 870 929 944 „terrae
973 870 1206 944 motuS,
1246 886 1374 947 quo
1418 865 1819 930 Rhodiorum
1865 870 1931 928 et
1971 866 2165 930 Asiae
2210 865 2457 949 oppida
2498 887 2645 930 con-

572 976 908 1042 ciderunt“
960 977 1114 1061 (Dio
1174 978 1290 1060 Ep.
1338 977 1531 1042 LXX.
1581 983 1640 1042 4.
1689 983 1742 1055 1,
1793 982 1848 1041 2.
1918 974 2025 1043 ἐπὶ
2088 986 2216 1044 τοῦ
2250 976 2652 1046 Άντωνίνου

572 1089 829 1175 λέγεται
873 1090 984 1156 καὶ
1030 1087 1503 1175 φοβερώτατος
1567 1090 1719 1174 περὶ
1779 1087 1859 1156 τὰ
1915 1089 2081 1176 μέρη
2142 1098 2259 1176 τῆς
2325 1095 2653 1170 Βιθυνίας

570 1203 680 1270 καὶ
729 1209 857 1269 τοῦ
888 1198 1385 1288 Ἑλλησπόντου
1441 1200 1705 1289 σεισμὸς
1763 1203 2110 1288 γενέσθαι,
2171 1203 2282 1270 καὶ
2337 1199 2537 1283 ἄλλας
2580 1229 2649 1270 τε

569 1313 790 1394 πόλεις
836 1324 1073 1401 καμεῖν
1140 1318 1427 1400 ἰσχυρῶς
1475 1369 1530 1382 ..
1559 1368 1572 1382 .
1622 1316 1733 1382 καὶ
1795 1315 2138 1398 ἐξαιρέτως
2180 1313 2307 1400 τὴν
2355 1313 2652 1395 Κύζικον

251 1426 407 1491 Zon.
463 1426 604 1489 XII.
646 1433 712 1507 13
763 1425 1110 1510 Capitolini
1158 1432 1224 1490 et
1272 1428 1493 1492 Dionis
1538 1426 1742 1492 verba
1787 1426 1872 1490 ad
1916 1426 2194 1490 eundem
2247 1431 2465 1490 terrae
2513 1447 2648 1489 mo-

251 1543 394 1602 tum
446 1543 745 1621 spectare
794 1538 1138 1622 videntur).

673 1656 779 1730 „et
823 1651 1067 1715 Itomae
1123 1651 1526 1731 incendium,
1591 1649 1762 1733 quod
1811 1654 2139 1715 trecentas
2202 1650 2643 1732 quadraginta

569 1762 814 1827 insulas
858 1763 961 1828 vel
1006 1763 1231 1829 domos
1275 1762 1682 1847 absumpsit·‘

672 1875 758 1940 ib.
804 1880 860 1940 2.
952 1881 1059 1954 „et
1101 1876 1542 1941 Narbonensis
1590 1875 1858 1940 civitas“

674 1993 780 2067 „et
824 1988 1260 2054 Antiochense
1304 1988 1654 2072 oppidum“

674 2105 781 2180 „et
825 2099 1362 2184 Carthaginiense
1407 2099 1618 2164 forum
1665 2099 1868 2163 a1·sit“

672 2212 758 2277 ib.
808 2218 864 2277 3.
954 2212 1120 2292 „fuit
1164 2218 1229 2277 et
1273 2212 1612 2278 inundatio
1657 2210 1951 2276 Tiberis“

674 2325 1022 2408 „apparuit
1066 2330 1131 2389 et
1174 2325 1366 2389 stella
1409 2324 1683 2388 crinita“

676 2443 906 2517 „natus
952 2442 1052 2502 est
1097 2442 1163 2501 et
1206 2436 1430 2520 biceps
1473 2442 1677 2520 puer‘·

672 2555 779 2629 „et
821 2571 950 2614 uno
995 2555 1193 2633 partu
1236 2549 1526 2614 mulieris
1573 2549 1860 2631 quinque
1903 2549 2090 2632 pueri
2138 2548 2295 2613 editi
2340 2555 2526 2612 sunt“

670 2661 756 2726 ib.
798 2668 857 2727 4.
949 2662 1162 2741 „visus
1226 2666 1326 2726 est
1379 2661 1446 2725 in
1508 2660 1757 2726 Arabia
1812 2660 2078 2725 iubatus
2144 2661 2376 2743 angius
2436 2661 2645 2725 maior

570 2774 798 2853 solitis,
847 2774 957 2857 qui
1005 2794 1074 2838 se
1120 2794 1161 2838 a
1206 2773 1417 2838 cauda
1458 2773 1744 2837 medium
1792 2772 2111 2836 comedit“

673 2886 850 2966 „lues
899 2887 1094 2951 etiam
1137 2887 1204 2949 in
1250 2884 1499 2950 Arabia
1542 2885 1705 2949 fuit“

671 2999 1023 3078 „hordeum
1083 2999 1149 3062 in
1196 2998 1443 3064 Moesia
1499 2998 1565 3062 in
1632 2997 2019 3063 culminibus
2063 2997 2373 3063 arborum
2417 3003 2644 3063 natum

570 3118 705 3177 est“
1276 3111 1281 3116 ’

668 3223 754 3288 ib.
802 3231 857 3289 5.
948 3228 1300 3306 „quattuor
1357 3227 1707 3307 praeterea
1749 3222 1971 3287 leones
2026 3223 2346 3287 mansueti
2411 3228 2642 3305 sponte

567 3359 636 3402 se
680 3336 1030 3420 capiendos
1075 3336 1142 3400 in
1191 3335 1433 3401 Arabia
1471 3335 1957 3419 praebuerunt&

1054 3535 1387 3600 Marcus
1435 3535 1855 3600 Aurelius.

470 3674 723 3738 Marcus
756 3674 1115 3757 imperator
1146 3694 1361 3757 pauca
1391 3673 1585 3738 modo
1617 3674 1804 3755 signa
1833 3659 2038 3737 futuri
2080 3673 2336 3755 imperii
2373 3675 2642 3757 accepit.

670 3787 794 3851 Dio
857 3786 974 3870 Ep.
1021 3786 1248 3849 LXXI.
1309 3789 1407 3850 36.
1469 3791 1522 3849 1.
1613 3787 1723 3851 καὶ
1788 3783 1905 3868 noi
1978 3792 2104 3851 τοῦ
2162 3791 2423 3869 Καῖσαρ
2484 3781 2642 3852 ἄπο-

567 3902 915 3985 δειχθῆναι
961 3895 1126 3982 ὄναρ
1187 3897 1413 3977 ἔδοξεν
1460 3893 1682 3983 ω”μονς
1741 3921 1810 3963 τε
1855 3897 1968 3963 καὶ
2023 3905 2245 3981 χεῖρας
2304 3897 2643 3980 ἐλεφαντί-

566 4036 728 4090 νους
781 4011 955 4096 ἔχειν
999 4012 1109 4077 καὶ
1149 4005 1384 4088 αὐταῖς
1429 4007 1647 4076 πάντα
1692 4006 1815 4076 ὅσα
1873 4018 2015 4088 τοῖς
2071 4005 2295 4088 ἄλλοις
2355 4017 2644 4095 χρῆσθαι

570 4122 869 4205 (Capitol.
927 4125 1074 4187 Ant.
1122 4122 1284 4185 Phil.
1333 4128 1388 4186 5.
1436 4126 1495 4185 2.
1562 4171 1625 4200 ‚‚.
1652 4170 1709 4185 ..
1770 4121 2304 4204 sciscitatusque,
2368 4142 2452 4185 an
2506 4122 2645 4205 apti

569 4241 783 4299 essent
829 4234 1011 4299 oneri
1054 4233 1349 4314 ferundo,
1391 4234 1583 4299 solito
1630 4234 1922 4317 repperit
1965 4233 2335 4318 fortiores“)

669 4347 821 4430 Cap.
860 4336 1015 4410 'Ant
1063 4346 1224 4411 Phil.
1272 4353 1330 4409 4.
1376 4352 1431 4410 3.
1505 4346 1611 4426 „in
1667 4345 1910 4431 saliatu
1970 4366 2156 4410 omen
2218 4346 2474 4429 accepit
2523 4347 2642 4410 im-

567 4460 762 4540 perii:
811 4479 1086 4523 coronas
1128 4458 1427 4523 omnibus
1471 4460 1538 4522 in
1572 4458 1873 4542 pulvinar
1917 4480 1998 4522 ex
2042 4478 2222 4522 more
2254 4457 2643 4523 iacientibus
