3167 5067
1487 342 1913 404 „54-

1026 520 1165 580 τῶν
1208 507 1262 579 δ’
1313 508 1667 597 ἀδοκήτων
1710 510 1925 597 πόρον
1972 500 2121 597 εὗρε
2162 509 2337 590 θεός.

1027 620 1272 692 τοιόνδ’
1326 620 1538 711 ἀπέβη
1585 623 1738 692 τόδε
1784 633 2071 710 πρᾶγμα.

822 792 835 805 .
865 791 918 805 ..
967 734 1310 822 ἐπειδὴδὲ
1359 732 1484 805 οὐκ
1530 737 1596 816 ἐς
1644 734 1909 823 μακρὰν
1960 732 2261 803 ἀπώλετο
2326 736 2438 802 καὶ
2503 738 2911 802 τελευταίαν

819 848 1075 935 ταύτην
1121 847 1362 935 φωνην
1419 846 1585 933 πρὸς
1644 847 1752 935 ἐμὲ
1817 848 2082 934 ἔρρηξε,
2140 848 2252 914 καὶ
2295 845 2477 914 πάνυ
2517 864 2906 937 κεχρησμῳ-

820 960 1094 1047 δηκέναι
1154 960 1408 1045 τρόπον
1464 959 1614 1028 τινὰ
1676 959 1756 1027 τὰ
1801 959 2272 1047 συμβησόμενα
2331 955 2514 1049 αὐτῷ
2569 961 2909 1046 ἐνομίσθη

925 1073 1140 1157 Spart.
1203 1072 1427 1138 Carac.
1487 1078 1544 1137 8.
1603 1080 1674 1153 8,
1740 1079 1797 1138 9.
1888 1077 1994 1152 „et
2037 1071 2245 1136 fertur
2308 1071 2571 1154 quidem
2632 1072 2908 1156 Papini-

821 1207 1016 1265 anuS,
1079 1207 1224 1250 cum
1269 1192 1498 1269 rapt-us
1556 1207 1597 1250 a
1640 1183 1956 1250 militibus
2019 1183 2103 1248 ad
2147 1184 2473 1249 Palatium
2516 1184 2908 1250 traheretur

822 1298 1231 1379 occidenduS,
1275 1298 1765 1382 praedivinasse
1809 1296 2047 1376 dicenS,
2100 1297 2553 1362 stultissimum
2596 1296 2740 1361 fore
2792 1297 2910 1379 qui

819 1412 886 1475 in
927 1432 1114 1476 suum
1159 1411 1630 1494 subrogaretur
1673 1410 1916 1488 locum,
1977 1410 2101 1472 nisi
2148 1405 2508 1492 adpetitam
2543 1408 2909 1473 crudeliter

819 1521 1302 1606 praefecturam
1347 1522 1726 1588 vindicaret.
1775 1520 1950 1604 quod
1994 1521 2239 1585 factum
2280 1527 2410 1585 est:
2461 1541 2612 1584 nam
2660 1520 2908 1584 Macri·

822 1657 944 1700 nus
992 1637 1384 1700 Antoninum
1428 1635 1707 1700 occiditi‘

1589 1920 1817 1985 Geta.

718 2085 905 2164 Quod
940 2084 1318 2149 Caracallae
1354 2083 1641 2152 infausta
1671 2084 1889 2147 omina
1933 2084 2156 2162 multa,
2204 2103 2417 2165 pauca
2452 2081 2643 2146 modo
2678 2081 2908 2146 fausta

511 2203 987 2281 apparuerunt,
1049 2197 1219 2262 Geta
1272 2196 1480 2261 frater
1540 2217 1749 2279 paene
1809 2196 2058 2270 nullum
2114 2195 2369 2277 accepit
2414 2195 2705 2277 signum,
2774 2214 2906 2277 quo

510 2331 637 2374 non
686 2310 934 2394 aliquid
977 2310 1166 2375 triste
1214 2310 1273 2373 ei
1316 2308 1911 2392 praenuntiaretur.

719 2423 1037 2488 Futurum
1094 2422 1438 2504 imperium
1501 2421 1679 2485 nullo
1735 2422 1864 2485 alio
1914 2420 2259 2504 praesagio
2306 2420 2366 2483 ei
2412 2403 2904 2498 ostendebatur,

510 2536 636 2599 nisi
682 2535 857 2618 quod
904 2556 944 2599 a
988 2536 1258 2614 Sever0‚
1322 2556 1467 2599 cum
1530 2533 1638 2597 hic
1699 2533 2121 2616 comperisset
2164 2532 2524 2597 Antoninos
2585 2532 2709 2597 sibi
2760 2552 2903 2595 suc-

512 2669 809 2713 cessuros
855 2648 1098 2732 (Spart.
1146 2647 1285 2712 Sev.
1323 2652 1419 2711 10.
1467 2652 1543 2726 43
1591 2646 1697 2728 Sp.
1745 2645 1887 2729 Nig.
1937 2651 1993 2709 8.
2045 2651 2102 2724 4,
2149 2651 2216 2725 53
2261 2644 2369 2727 Sp.
2418 2643 2587 2708 Geta
2637 2649 2688 2707 1.
2738 2649 2799 2722 3,
2848 2647 2902 2705 3.
3005 2645 3009 2649 *

515 2767 584 2840 53
642 2759 720 2823 cf.
780 2781 927 2843 pag.
975 2761 1103 2843 61),
1166 2759 1527 2823 Antoninus
1585 2757 1954 2841 appellatus
2019 2763 2176 2821 erat.
2275 2756 2403 2820 Sed
2464 2756 2580 2820 illa
2641 2775 2903 2838 quoque

509 2873 890 2937 vaticinatio
950 2873 1159 2955 magis
1220 2871 1305 2935 ad
1366 2870 1805 2948 Caracallam,
1875 2870 1986 2952 qui
2048 2870 2235 2933 initio
2298 2890 2430 2932 una
2488 2890 2634 2932 cum
2694 2867 2903 2931 fratre

512 2984 661 3049 dein
707 2985 881 3050 solus
928 2986 1367 3069 principatum
1412 2984 1659 3062 tenuit,
1723 3004 1918 3066 quam
1965 2981 2049 3045 ad
2096 2981 2329 3046 Getam
2380 2986 2679 3064 spectare
2722 2980 2901 3044 vide-

510 3097 735 3177 batur,
798 3119 1193 3181 quamquam
1239 3118 1378 3161 non.
1411 3096 1605 3160 modo
1648 3095 1832 3159 illum
1877 3094 1989 3159 sed
2038 3095 2236 3158 etiam
2286 3094 2459 3157 hunc
2506 3093 2899 3156 Antoninum

513 3231 655 3275 esse
703 3210 1101 3294 appellatum
1144 3212 1305 3274 satis
1351 3214 1613 3274 constat
1655 3208 1899 3293 (Spart.
1948 3208 2089 3272 Sev.
2118 3211 2215 3270 10.
2241 3212 2296 3270 5.
2389 3206 2602 3285 „unde
2665 3204 2898 3269 Getam

512 3323 709 3387 etiam
764 3323 1029 3405 quidam
1079 3324 1468 3387 Antoninum
1513 3326 1752 3405 putant
1796 3320 2058 3400 dictum,
2105 3324 2178 3383 ut
2223 3316 2289 3382 et
2334 3318 2473 3401 ipse
2521 3318 2902 3382 succederet

510 3435 577 3497 in
622 3436 969 3517 imperio“;
1027 3436 1242 3518 Spart.
1310 3435 1479 3498 Geta
1528 3439 1581 3498 1.
1630 3440 1686 3513 5,
1735 3439 1790 3498 6.
1881 3454 2067 3512 „cum
2119 3431 2188 3494 id
2250 3429 2513 3494 fecisset
2559 3480 2572 3493 .
2601 3446 2653 3493 ..‘
2704 3431 2898 3493 etiam

515 3547 767 3626 Getam,
813 3548 1126 3611 minorem
1162 3546 1384 3625 filium,
1439 3546 1827 3610 Antoninum
1863 3544 2082 3608 vocari
2114 3544 2320 3607 iussit.
2390 3544 2615 3624 itaque
2647 3561 2902 3624 semper

517 3660 601 3725 ab
647 3681 724 3724 eo
770 3660 837 3724 in
870 3658 1164 3743 epistulis
1209 3658 1643 3722 familiaribus
1692 3658 1904 3721 dictus
1953 3661 2069 3734 est,
2118 3676 2263 3718 cum
2314 3656 2367 3718 si
2410 3653 2578 3717 forte
2622 3653 2900 3730 abesset,
2949 3716 2955 3719 Α

514 3772 866 3837 scriberet:
930 3771 1227 3837 Salutate
1273 3772 1632 3835 Antoninos
1677 3769 1845 3834 filios
1890 3774 1955 3833 et
2004 3788 2413 3834 successores
2460 3767 2728 3849 meos“).

724 3886 881 3949 Eius
928 3886 1228 3968 genitura
1272 3883 1402 3947 iam
1457 3874 1736 3947 Severus
1780 3888 1972 3966 pater
2017 3881 2409 3945 sollicitatus
2456 3884 2588 3943 est:

931 3997 1150 4080 Spart.
1195 3996 1365 4061 Geta
1409 4000 1466 4059 2.
1517 4001 1573 4075 6,
1628 4001 1684 4058 7.
1776 3996 1911 4074 „De
1957 3994 2083 4057 hoc
2130 3992 2355 4078 eodem
2401 3992 2697 4069 SeveruS,
2746 4009 2897 4074 gna-

825 4131 938 4173 rus
998 4109 1338 4191 geniturae
1409 4107 1584 4171 illius
1647 4157 1661 4171 .
1689 4158 1742 4171 ..
1805 4106 2045 4170 dixisse
2107 4105 2346 4169 fertur:
2421 4103 2679 4175 ‘Mirum
2742 4099 2896 4165 mihi

826 4222 1114 4299 videtur,
1192 4220 1516 4285 Iuvenalis
1593 4218 2109 4296 amantissimus,
2186 4217 2355 4281 Geta
2424 4220 2649 4280 noster
2716 4215 2895 4278 divus

825 4334 1104 4412 futurUS,
1148 4334 1330 4397 cuius
1373 4330 1537 4395 nihil
1582 4329 1920 4411 imperiale
1967 4332 2033 4393 in
2081 4330 2384 4411 genitura
2426 4328 2691 4392 video’“
