3167 5067
1306 364 1737 425 ...87—

331 532 683 598 distributa
725 537 878 597 sunt
922 533 1141 597 omina
1181 553 1266 597 an
1310 532 1601 597 ordinem
1664 536 1780 597 aut
1818 531 2141 596 rationem
2187 530 2517 614 quandam
2562 550 2712 595 con-

332 650 507 710 stare
552 664 948 728 cognoscere
990 644 1382 730 possumus‘?
2387 635 2394 644 ’

533 757 694 822 Cum
737 757 804 821 in
848 757 1020 823 hanc
1062 779 1200 823 rem
1243 756 1574 840 inquirere
1617 757 1685 821 in
1732 756 1961 824 animo»
1990 755 2385 835 habeamus,
2430 754 2712 838 primum

328 870 673 935 videndum
719 874 836 950 est,
880 892 1031 935 num
1073 870 1186 950 illi,
1233 890 1396 952 quos
1442 869 1618 953 apud
1650 869 1937 952 singulos
1978 868 2291 933 Caesares
2322 867 2713 947 rettulimus,

327 983 611 1047 ominum
678 983 929 1047 numeri
991 1004 1033 1047 a
1095 981 1282 1047 nobis
1354 986 1532 1046 recte
1609 982 1986 1065 computari
2041 980 2393 1066 potuerint.
2503 981 2713 1063 Atque

328 1094 503 1176 quod
546 1095 784 1160 attinet
842 1094 926 1158 ad
987 1093 1369 1177 qualitatem
1430 1093 1710 1160 fontium
1731 1144 1745 1173 ,
1811 1113 1890 1158 ex
1952 1093 2188 1176 quibus
2233 1097 2459 1157 nostra
2499 1093 2715 1157 omina

325 1206 566 1272 hausta
611 1211 796 1286 sunt,
857 1206 1335 1290 respiciendum
1396 1212 1527 1286 est,
1590 1227 1707 1271 nos
1765 1227 1884 1291 per
1941 1205 2103 1270 illud
2147 1209 2357 1270 totum
2403 1205 2716 1288 temporis

329 1321 646 1403 spatium,
709 1319 792 1384 ab
835 1321 1130 1402 Augusto
1185 1340 1391 1401 usque
1451 1317 1537 1382 ad
1595 1318 2099 1397 Diocletianum,
2161 1317 2713 1382 continuationem

327 1432 781 1514 superstitiose
826 1432 1147 1515 scriptae,
1208 1435 1282 1495 ut
1325 1431 1421 1495 ita
1465 1431 1698 1510 dicam,
1743 1430 2057 1495 historiae
2102 1429 2458 1513 possidere.
2549 1429 2715 1494 Nam

327 1548 613 1609 aetatem
673 1543 759 1608 ab
808 1545 1100 1626 Augusto
1145 1562 1352 1626 usque
1408 1543 1492 1607 ad
1550 1543 1990 1608 Alexandrum
2050 1542 2359 1608 Severum
2422 1542 2717 1625 depinxit

327 1654 588 1720 Cassius
633 1655 755 1719 Dio
800 1656 1083 1739 scriptor
1128 1655 1576 1739 superstitioni
1630 1655 1910 1720 maxime
1955 1654 2244 1734 deditus,
2290 1659 2589 1738 tempora
2630 1654 2714 1719 ab

328 1768 664 1833 Hadriano
723 1787 930 1850 usque
1005 1768 1090 1833 ad
1166 1767 1403 1833 Carum
1481 1767 1892 1833 illustravere
1965 1768 2318 1851 scriptores
2376 1767 2710 1833 Historiae

332 1882 663 1963 Augustae
681 1931 696 1958 ,
756 1880 867 1963 qui
912 1879 1219 1946 dicuntur
1237 1931 1252 1960 ‚
1313 1880 1953 1964 superstitiosissimi.
2043 1880 2199 1945 Cum
2245 1879 2314 1944 hi
2365 1880 2715 1965 scriptores

326 2013 550 2057 omnes
593 1990 916 2057 ominibus
959 1997 1156 2074 atque
1200 1991 1519 2075 prodigiis
1562 1992 1958 2075 permultum
2003 1992 2379 2071 tribuerint,
2426 1992 2714 2057 arbitror

326 2125 443 2170 nos
500 2104 661 2170 satis
715 2103 1060 2186 diligenter
1136 2108 1335 2187 atque
1399 2104 1662 2187 copiose
1735 2104 1815 2169 de
1873 2104 2195 2170 ominibus
2258 2110 2323 2169 et
2373 2104 2711 2188 prodigiis,

325 2237 494 2299 quae
538 2237 658 2301 per
703 2215 866 2280 illud
910 2221 1121 2281 totum
1157 2217 1472 2300 temporis
1518 2216 1804 2301 spatium
1830 2217 2181 2297 evenerint,
2226 2217 2539 2282 certiores
2573 2238 2713 2282 esse

323 2328 568 2407 fact08,
615 2328 905 2412 exceptis
953 2333 1209 2393 tantum
1255 2329 1379 2409 eiS‚
1425 2350 1595 2412 quae
1640 2328 1922 2395 fortasse
1969 2329 2289 2414 Philippi,
2336 2329 2538 2408 Decii,
2587 2329 2713 2393 Va-

322 2441 555 2505 leriani
613 2440 1018 2523 temporibus
1080 2441 1471 2520 acciderint,
1531 2464 1677 2506 oum
1734 2442 2029 2508 Historia
2072 2443 2368 2524 Augusta
2411 2441 2495 2505 ab
2544 2462 2713 2505 anno

326 2558 470 2617 244.
533 2573 739 2635 usque
801 2553 885 2617 ad
948 2573 1191 2618 annum
1254 2559 1396 2617 260.
1466 2554 1709 2637 partim
1772 2554 2134 2637 depravata
2187 2554 2428 2636 partim
2485 2553 2712 2636 deper-

324 2665 464 2730 dita
519 2665 620 2729 sit.
711 2663 899 2743 Quod
960 2664 1221 2746 saepius
1282 2664 1559 2747 legimus
1620 2665 1796 2748 apud
1856 2665 2244 2748 scriptores:
2323 2665 2714 2744 „Praeterea

322 2777 530 2842 multa
572 2776 705 2840 alia
739 2776 992 2860 accepit
1031 2777 1284 2841 omina“
1327 2776 1461 2841 sive
1492 2776 1626 2840 tale
1660 2776 1836 2859 quid,
1885 2776 2105 2842 videre
2135 2776 2293 2841 licet
2324 2798 2453 2844 non
2497 2777 2714 2841 omnia

322 2890 571 2969 omina,
618 2909 786 2972 quae
832 2888 1285 2953 animadversa
1328 2888 1489 2968 sint,
1533 2889 1724 2954 nobis
1770 2910 1912 2955 esse
1952 2889 2235 2969 tradita,
2281 2888 2397 2954 sed
2439 2910 2568 2953 non
2615 2895 2716 2954 est

323 3000 751 3076 dubitandum
804 3001 959 3084 quin
1007 3001 1360 3084 scriptores
1408 3000 1833 3067 celeberrima
1891 3006 2089 3085 atque
2132 3001 2473 3067 notissima
2526 3000 2714 3066 nobis

324 3113 800 3194 nuntiaverint3
847 3114 1003 3196 quin
1050 3112 1280 3193 etiam,
1336 3113 1392 3178 si
1439 3134 1479 3177 a
1523 3113 1952 3198 scriptoribus
1994 3134 2122 3178 non
2171 3118 2714 3179 commemoratur

321 3245 391 3289 se
438 3225 822 3307 gravissima
864 3225 1058 3290 modo
1105 3226 1320 3290 omina
1361 3226 1670 3308 elegisse,
1715 3225 1964 3290 leviora
2008 3226 2309 3309 neglecta
2353 3247 2496 3290 esse
2542 3225 2713 3291 arbi-

319 3343 477 3402 tror.
568 3337 723 3401 Cum
778 3358 882 3402 res
923 3338 1021 3402 ita
1051 3358 1192 3402 sese
1223 3336 1533 3417 habeant,
1579 3339 1880 3402 existimo
1912 3338 2044 3403 illis
2090 3338 2374 3402 ominum
2409 3339 2713 3418 numeriS,

320 3469 482 3531 quos
528 3449 704 3533 apud
749 3449 1039 3533 singulos
1101 3450 1415 3515 Caesares
1461 3449 1914 3531 adhibuimus,
1975 3450 2325 3515 admodum
2387 3452 2583 3517 certis
2629 3456 2714 3531 et,

319 3559 557 3642 quibus
600 3561 794 3625 fidem
842 3560 1090 3626 habere
1135 3562 1349 3642 liceat,
1397 3562 1496 3628 uti
1542 3583 1663 3627 nos
1708 3584 1918 3646 posse.

524 3671 668 3735 Non
732 3694 874 3737 sum
933 3678 1287 3752 conaturus
1355 3696 1715 3759 exponere,
1789 3675 2114 3758 quomodo
2176 3675 2433 3758 singula
2493 3676 2710 3740 omina

317 3783 493 3867 apud
556 3783 845 3866 singulos
906 3783 1219 3851 Caesares
1279 3792 1427 3852 orta
1483 3788 1642 3866 sint,
1712 3792 1829 3852 aut
1886 3786 2369 3868 demonstrare,
2444 3809 2574 3870 qua
2632 3788 2712 3852 de

318 3916 519 3961 causa
565 3916 692 3961 non
737 3896 930 3980 plura
972 3896 1073 3960 vel
1116 3899 1435 3980 pauciora
1495 3900 1714 3963 omina
1770 3900 2052 3983 principi
2108 3900 2343 3982 cuique
2383 3901 2713 3966 exstitisse

315 4008 683 4088 tradantur,
727 4029 923 4091 quam
968 4008 1261 4088 totidem,
1310 4016 1471 4092 quot
1515 4011 1692 4094 apud
1725 4033 2047 4095 quemque
2080 4012 2528 4095 reperiantur3
2577 4013 2710 4092 sed,

316 4141 462 4184 cum
509 4120 724 4183 omina
767 4126 901 4185 tam
945 4120 1288 4204 impariter
1333 4121 1691 4187 distributa
1736 4125 1883 4204 sint,
1934 4124 2321 4190 concludere
2366 4125 2521 4190 licet
2563 4126 2662 4192 ho
2684 4162 2710 4174 -

316 4232 618 4295 minum
659 4232 975 4297 animos
1022 4234 1618 4299 nonnullorum
1651 4236 2145 4320 principum
2181 4238 2711 4321 temporibus

315 4343 581 4425 magis
628 4343 888 4407 fuisse
934 4344 1296 4408 idoneos
1336 4346 1435 4408 ad
1470 4367 1578 4409 om
1608 4347 1745 4410 ina
1783 4352 1863 4410 et
1895 4348 2303 4431 prodigia
2333 4332 2772 4414 animad-'
