3167 5067
1206 268 1641 367 —55'—

544 473 900 559 Σεουήρου
964 472 1244 560 στρατὸς
1288 473 1517 560 ἡσθεὶς
1561 485 1656 566 τῷ
1701 476 2072 566 γενομένῳ,
2135 475 2249 555 τας
2292 503 2360 543 τε
2409 476 2621 562 ψυχὰς

541 587 982 670 ἐπιρρωσθεὶς
1049 584 1133 665 ὡς
1216 591 1502 677 προνοίᾳ
1577 591 1735 678 θείᾳ
1807 585 2265 675 ὁδηγούμενος
2336 643 2394 657 ..
2426 644 2439 657 .
2513 591 2620 657 ἐπὶ

542 702 851 765 Κιλικίαν
896 695 1224 785 ἠπείγετο.

440 808 848 875 Herodianus
889 810 1015 875 hoc
1058 810 1461 894 prodigium,
1525 812 1591 875 in
1656 834 1783 895 quo
1843 801 2271 879 describendo
2324 814 2618 897 aliquan-

211 928 357 986 tum
412 944 454 985 a
498 923 704 986 Dione
737 922 1053 1001 dissentit,
1101 944 1226 987 non
1274 923 1341 986 in
1361 945 1581 1006 pugna
1622 925 1798 1008 apud
1829 924 2072 1005 Issum‚‘
2104 931 2178 991 ut
2207 926 2350 1005 Dio,
2396 926 2512 991 sed
2552 926 2620 990 in

211 1035 476 1116 proelio
526 1040 722 1099 antea
766 1035 833 1098 in
877 1034 1093 1098 Tauro
1139 1041 1356 1100 monte
1401 1036 1578 1100 sacto
1626 1037 1942 1101 accidisse
1988 1039 2243 1121 narrat)

642 1146 881 1211 Herod.
927 1146 1038 1209 III.
1085 1153 1143 1210 4.
1192 1152 1247 1210 3.
1339 1148 1484 1214 ἐπεῖ
1524 1149 1690 1233 φασὶ
1734 1150 1846 1216 καὶ
1876 1158 2176 1234 Δαρεῖον
2215 1145 2612 1240 Ἀλεξάνδρῳ

539 1257 665 1345 τὴν
710 1256 1005 1345 ὑστάτην
1053 1260 1166 1325 καὶ
1225 1262 1546 1347 μεγίστην
1588 1259 1808 1347 μάχην
1856 1262 2279 1348 συμβαλόντα
2330 1258 2617 1348 ἡττηθῇ·

539 1374 651 1438 ναί
695 1397 763 1437 τε
811 1371 922 1437 καὶ
966 1367 1253 1452 ἁλῶναι,
1316 1381 1457 1440 τῶν
1512 1369 1645 1441 ἀπὸ
1693 1381 1831 1440 τῶν
1869 1369 2194 1464 ἀρκτῴων
2237 1383 2462 1460 μερῶν
2506 1376 2617 1441 καὶ

537 1482 685 1550 τότε
732 1480 892 1561 τοὺς
935 1479 1374 1563 ἄνατολικοὺς
1416 1484 1871 1571 νενικηκότων

223 1598 385 1678 (non
429 1595 691 1674 dubim,
754 1596 910 1678 quin
953 1595 1059 1659 hic
1122 1601 1188 1660 et
1229 1596 1520 1661 locorum
1578 1601 1646 1659 et
1692 1618 1908 1662 rerum
1956 1619 2306 1663 consensus
2346 1620 2612 1681 praesa-

228 1710 406 1789 gium
486 1709 797 1773 victoriae
864 1709 1083 1773 Severi
1158 1708 1474 1773 creditum
1551 1710 1666 1789 sit,
1742 1731 2138 1793 quamquam
2204 1710 2617 1785 Herodianus

226 1821 388 1884 nihil
436 1821 516 1886 de
560 1821 688 1885 hac
733 1844 804 1886 re
850 1822 1038 1904 dicit)
1703 1803 1716 1818 ’

639 1933 764 1998 Dio
811 1933 926 2017 Ep.
967 1933 1251 1997 LXXIV.
1299 1939 1356 1999 8.
1410 1940 1463 2012 1,
1513 1940 1568 1998 2.
1659 1936 1770 2002 καὶ
1815 1931 1992 2003 τοῦτ’
2057 1934 2338 2018 (cladem
2400 1935 2615 2018 Nigri-

538 2045 757 2128 anam)
802 2042 932 2129 ἄρα
976 2043 1053 2113 τὸ
1088 2054 1213 2112 τοῦ
1247 2045 1472 2130 ἱερέως
1506 2043 1674 2130 ὄναρ
1706 2046 1982 2133 ἐδήλου·
2030 2047 2105 2114 ἐν
2137 2047 2263 2133 γὰρ
2309 2056 2392 2136 τῇ
2438 2055 2614 2114 Παν-

536 2162 732 2248 νονίᾳ
784 2154 978 2236 ὄντος
1050 2166 1176 2225 τοῦ
1235 2157 1594 2245 Σεουήρου
1655 2156 1691 2227 ὁ
1752 2156 1966 2242 ἱερεὺς
2035 2167 2161 2226 τοῦ
2229 2157 2385 2238 Διὸς
2449 2155 2614 2244 ὄναρ

538 2267 717 2338 εἶδεν
790 2266 1004 2354 ἄνδρα
1065 2270 1216 2337 τινὰ
1288 2271 1538 2357 μέλανα
1601 2269 1664 2351 ἐς
1730 2269 1808 2339 τὸ
1884 2269 2340 2354 στρατόπεδον
2401 2266 2616 2338 αὐτοῦ

536 2381 1004 2469 ἐσβιαζόμενον
1046 2383 1159 2448 καὶ
1188 2380 1322 2450 ὑπὸ
1353 2391 1597 2468 χειρῶν
1625 2379 2124 2470 ἀπολλύμενονῆ·
2167 2380 2245 2451 τὸ
2282 2381 2408 2469 γὰρ
2459 2379 2611 2450 ὅνο-

535 2521 625 2581 μα
669 2504 795 2561 τοῦ
841 2498 1111 2580 Νίγρου
1143 2493 1665 2581 ἐξελληνίζοντες
1709 2498 1776 2563 οἱ
1808 2491 2154 2578 ἄνδρωποι
2198 2493 2320 2563 τὸν
2362 2495 2613 2581 μέλανα

537 2607 796 2674 ἐκεῖνον
842 2604 1012 2673 εἶναι
1059 2606 1362 2691 ἔγνωσαν
2247 2597 2250 2600 ’

640 2719 854 2802 Spart.
903 2719 1044 2782 Sev.
1102 2724 1196 2783 10.
1247 2724 1303 2782 7.
1393 2724 1500 2798 „et
1541 2719 1754 2802 primo
1801 2719 2065 2803 quidem
2111 2718 2196 2783 ab
2242 2718 2605 2783 Albinianis

538 2831 758 2896 Severi
804 2830 1001 2894 duces
1046 2830 1202 2894 victi
1246 2835 1414 2895 sunt.
1483 2836 1642 2895 tunc
1689 2831 2004 2896 sollicitus
2051 2852 2198 2895 cum
2241 2830 2613 2896 consuleret

537 2965 577 3007 a
603 2943 1033 3007 Pannoniacis
1063 2943 1440 3025 auguribuS‚
1488 2944 1804 3026 comperit
1850 2965 1919 3007 se
1952 2944 2264 3008 victorem
2299 2942 2611 3022 futurum,

534 3055 982 3119 adversarium
1043 3076 1196 3120 vero
1255 3077 1376 3120 nec
1433 3056 1499 3119 in
1559 3061 1956 3139 potestatem
2016 3062 2357 3120 venturum
2402 3076 2613 3137 neque

536 3189 880 3232 evasurum
948 3167 1061 3232 sed
1132 3167 1318 3232 iuxta
1395 3188 1634 3251 aquam
1703 3189 1845 3233 esse
1904 3168 2306 3252 periturum“
2374 3167 2609 3251 (Capit.

536 3280 746 3345 Albin.
791 3286 847 3344 9.
897 3281 981 3364 2).

429 3394 784 3457 Praeterea
829 3392 1037 3456 multa
1092 3392 1224 3457 alia
1269 3398 1861 3458 commemorantur
1904 3392 2240 3476 prodigia,
2283 3413 2451 3474 quae
2498 3392 2610 3456 Se·

238 3507 361 3570 veri
399 3505 806 3588 temporibus
852 3504 1031 3570 facta
1076 3505 1161 3569 ad
1207 3506 1516 3571 Severum
1565 3511 1865 3589 spectare
1908 3504 2229 3569 videntur.

430 3618 589 3682 Cum
636 3616 879 3682 bellum
926 3617 1315 3702 Scytharum
1361 3619 1658 3697 instaret,
1705 3616 1831 3681 hoc
1873 3616 2191 3681 accidisse
2236 3621 2611 3699 portentum

233 3730 497 3813 legimus
546 3731 722 3814 apud
768 3730 1061 3807 Dionem,
1106 3729 1361 3793 LXXV.
1411 3736 1467 3794 3.
1519 3736 1586 3795 1:

639 3843 713 3910 ἐν
756 3845 827 3910 δε
875 3851 970 3931 τῷ
1013 3850 1223 3931 καιρῷ
1266 3842 1486 3933 τούτῳ
1535 3840 1696 3921 τοὺς
1729 3840 2008 3920 Σκύθας
2052 3842 2613 3926 πολεμησείοντας

533 3959 813 4041 βρονταί
887 3980 956 4021 τε
1033 3955 1144 4021 καὶ
1203 3950 1535 4038 ἀστραπαὶ
1593 3950 1725 4040 μετ’
1808 3950 2068 4041 ὄμβρου
2130 3953 2241 4020 καὶ
2294 3953 2612 4038 κεραυνοὶ

533 4066 1047 4152 βουλευομένοις
1110 4069 1344 4150 σφίσιν
1407 4067 1727 4152 ἐξαίφνης
1786 4064 2211 4151 ἐμπεσόντες,
2277 4064 2389 4132 καὶ
2453 4061 2612 4143 τοὺς

531 4179 842 4263 πρώτους
886 4175 1119 4245 αὐτῶν
1161 4188 1339 4262 τρεῖς
1379 4174 1632 4261 ἄνδρας
1675 4174 2210 4257 ἀποκτείναντες,
2258 4174 2552 4260 ἐπέσχον.

426 4292 631 4374 Nigro
677 4290 933 4354 devicto
955 4340 970 4369 ,
1034 4312 1181 4354 cum
1239 4295 1468 4354 contra
1513 4289 1820 4354 Albinum
1880 4288 2124 4354 bellum
2179 4292 2451 4372 pararet
2496 4287 2609 4351 Se-

237 4425 432 4484 verus,
473 4404 605 4467 tria
644 4401 949 4486 prodigia
994 4401 1282 4466 evenisse
1326 4401 1451 4466 Dio
1497 4406 1753 4466 narrat:
