3167 5067
1531 343 1967 407 ,50-

974 513 1181 598 Capit.
1227 514 1399 578 Pert.
1443 521 1495 577 1.
1544 518 1602 577 2.
1691 534 1936 596 „equus
1977 512 2196 597 pullus
2243 534 2322 576 ea
2366 513 2531 577 hora
2577 535 2711 596 qua
2755 520 2979 578 natus

872 632 973 691 est
1014 627 1082 690 in
1124 626 1383 709 tegulas
1424 626 1723 720 ascendit
1783 630 1982 709 atque
2042 625 2135 690 ibi
2183 625 2467 690 breviter
2511 632 2980 707 commoratus

874 739 1119 803 decidit
1165 744 1231 803 et
1281 738 1675 821 exspiravit&

766 852 966 934 Signa
1012 852 1239 915 mortis
1284 850 1467 915 fuere
1503 851 1702 915 haec:

974 964 1181 1046 Capit.
1227 962 1400 1028 Pert.
1452 970 1547 1027 14.
1601 969 1652 1027 1.
1745 963 1923 1045 „ipse
1989 967 2141 1026 ante
2200 961 2492 1027 triduum
2538 983 2730 1044 quam
2784 963 2976 1027 occi-

873 1076 1141 1140 deretur
1183 1076 1251 1138 in
1294 1075 1545 1158 piscina
1609 1074 1735 1137 sibi
1781 1074 1953 1138 visus
2012 1080 2111 1138 est
2157 1074 2376 1138 videre
2427 1073 2752 1139 hominem
2809 1096 2974 1138 cum

875 1187 1091 1270 gladio
1133 1187 1590 1252 infestantem“

975 1300 1060 1365 ib.
1110 1305 1167 1363 2.
1215 1305 1321 1378 „et
1365 1320 1444 1363 ea
1488 1299 1594 1363 die
1638 1320 1768 1381 qua
1813 1299 2067 1363 occisus
2114 1303 2214 1362 est
2256 1297 2588 1380 negabant
2630 1299 2694 1361 in
2742 1301 2974 1363 oculis

872 1413 1010 1476 eius
1053 1411 1335 1495 pupulas
1382 1433 1526 1475 cum
1564 1410 1959 1493 imaginibus
1992 1430 2157 1492 quas
2190 1410 2475 1475 reddunt
2501 1413 2975 1494 spectantibus

872 1526 1083 1589 visas“

972 1637 1060 1702 ib.
1125 1642 1179 1700 3.
1285 1642 1391 1715 „et
1450 1657 1597 1700 cum
1661 1635 1837 1718 apud
1895 1636 2066 1700 lares
2128 1632 2560 1714 sacrificaret,
2631 1635 2969 1700 carbones

872 1749 1263 1813 vivacissimi
1308 1749 1577 1813 extincti
1626 1754 1794 1827 sunt,
1839 1769 1984 1811 cum
2029 1747 2423 1811 inflammari
2470 1748 2757 1812 soleant“

977 1867 1098 1942 ,‚et‚
1143 1866 1218 1926 ut
1262 1881 1463 1944 supra
1492 1860 1738 1925 dictum
1774 1864 1875 1924 est
1907 1861 2038 1944 (11.
2067 1858 2154 1941 2),
2203 1879 2315 1923 cor
2359 1865 2427 1923 et
2459 1865 2657 1943 caput
2697 1860 2764 1922 in
2804 1860 2967 1925 hos-

871 1974 981 2038 tiis
1027 1995 1156 2038 non
1202 1979 1302 2038 est
1348 1978 1719 2057 repertum“

978 2085 1247 2165 „stellae
1294 2086 1491 2150 etiam
1534 2085 1720 2149 iuxta
1768 2084 1969 2149 solem
2013 2104 2132 2167 per
2174 2083 2344 2148 diem
2392 2085 2573 2148 visae
2621 2090 2773 2149 sunt
2824 2085 2967 2149 cla-

870 2199 1185 2277 rissimae,
1233 2203 1383 2262 ante
1426 2198 1599 2262 diem
1646 2219 1845 2281 quam
1889 2197 2139 2262 obireti‘

1554 2395 1972 2460 Julianus.

770 2533 974 2598 Omen
1017 2533 1274 2615 imperii
1310 2533 1562 2597 Iuliano
1608 2533 1733 2597 hoc
1775 2532 2067 2598 oblatum
2115 2539 2244 2597 est:

976 2645 1182 2729 Capit.
1228 2645 1399 2709 Pert.
1452 2652 1549 2710 14.
1597 2651 1657 2724 4,
1706 2653 1762 2710 5.
1854 2649 1959 2723 „et
2021 2645 2162 2727 ipse
2227 2644 2592 2728 (Pertinax)
2636 2665 2828 2710 omen
2878 2646 2963 2710 de

870 2756 1122 2821 Iuliano
1166 2778 1541 2822 successore
1580 2757 1838 2822 dedisse
1882 2756 2140 2820 dicitur.
2230 2778 2375 2820 nam
2426 2777 2569 2820 cum
2616 2757 2675 2820 ei
2722 2758 2963 2821 Didius

875 2870 1166 2934 Iulianus
1210 2868 1433 2933 fratris
1476 2870 1682 2934 filium
1716 2868 2078 2948 obtulisset,
2124 2868 2225 2931 cui
2268 2868 2717 2950 despondebat
2751 2869 2956 2933 filiam

874 3003 1078 3060 suam,
1126 2981 1515 3045 adhortatus
1555 2987 1657 3045 est
1699 2982 1995 3045 iuvenem
2046 2980 2131 3045 ad
2177 2981 2398 3064 patrui
2433 2980 2958 3046 observationem

874 3101 940 3159 et
984 3093 1261 3158 adiecit:
1332 3093 1629 3158 ‘observa
1690 3093 2004 3176 collegam
2069 3098 2136 3157 et
2191 3113 2631 3157 successorem
2695 3094 2956 3157 meum’.

873 3228 1024 3270 nam
1073 3211 1223 3270 ante
1269 3206 1559 3269 Iulianus
1609 3206 1669 3269 ei
1715 3210 1781 3269 et
1825 3205 1891 3268 in
1938 3205 2282 3269 consulatu
2327 3204 2577 3287 collega
2623 3204 2842 3270 fuerat
2890 3212 2958 3269 et

870 3318 936 3381 in
980 3316 1446 3402 proconsulatu
1491 3323 1936 3382 successerat“
1996 3317 2239 3402 (Spart.
2282 3316 2398 3381 Iul.
2450 3322 2507 3380 2.
2557 3320 2641 3400 3).

770 3430 867 3493 De
913 3429 1151 3494 Severo
1213 3430 1535 3514 participe
1591 3430 1847 3513 imperii
1906 3450 2095 3493 omen
2154 3429 2279 3493 sibi
2338 3428 2588 3493 fecerat
2642 3429 2957 3508 IulianuS,

566 3541 781 3625 Spart.
824 3540 941 3605 Iul.
990 3548 1047 3606 7.
1094 3548 1149 3619 1,
1196 3546 1269 3605 2:

975 3653 1195 3734 „Tunc
1239 3674 1427 3717 omen
1474 3653 1650 3736 quod
1689 3653 1814 3718 sibi
1853 3653 2161 3733 IulianuS,
2207 3675 2352 3718 cum
2396 3655 2739 3737 imperium
2784 3656 2955 3717 acci-

871 3771 1075 3850 peret,
1122 3766 1374 3850 fecerat
1399 3766 1698 3830 omnibus
1734 3767 1909 3830 venit
1952 3767 2018 3830 in
2063 3772 2360 3831 mentem.
2418 3788 2565 3830 nam
2614 3788 2758 3830 cum
2805 3787 2957 3830 con-

872 3879 974 3942 sul
1020 3878 1399 3961 designatus
1446 3878 1526 3941 de
1572 3899 1650 3942 eo
1695 3878 2083 3943 sententiam
2132 3879 2354 3944 dicens
2401 3880 2496 3942 ita
2531 3879 2956 3962 pronuntias-

873 3994 1009 4054 set:
1081 3990 1364 4053 ‘Didium
1410 3989 1731 4054 Iulianum
1793 3991 2256 4073 imperatorem
2303 3989 2765 4074 appellandum
2812 4012 2958 4055 esse

874 4101 1144 4178 censeo'‚
1207 4101 1498 4166 Iulianus
1560 4103 1915 4185 suggessit:
1980 4102 2183 4168 ‘Adde
2245 4107 2312 4166 et
2371 4103 2719 4181 Severum',
2779 4103 2956 4185 quod
3009 4119 3012 4122 ’

873 4218 1369 4295 cognomentum
1435 4215 1538 4279 avi
1607 4221 1674 4278 et
1727 4214 1956 4296 proavi
2020 4214 2145 4278 sibi
2191 4214 2480 4279 Iulianus
2542 4214 2955 4280 adsciverat}²

768 4327 972 4390 Omen
1016 4326 1274 4408 pristini
1320 4326 1624 4390 interitus
1671 4325 1797 4389 sibi
1844 4325 2076 4390 fecisse
2121 4327 2441 4391 Iulianum
2496 4327 2696 4389 refert
2754 4328 2955 4409 Spar·

559 4440 810 4503 tianus:
