3167 5067
1278 347 1705 407 -25-

260 514 775 596 prodigiorum,
820 513 1055 596 quibus
1097 515 1322 579 futura
1371 514 1831 592 ostendantur,
1892 533 2164 577 numero
2208 513 2292 576 sit
2338 512 2677 590 collocata,

262 646 360 689 an
416 626 613 691 modo
650 631 1157 691 commemorata
1200 626 1286 691 sit
1321 627 1510 709 quasi
1543 646 1649 690 res
1682 625 1879 708 digna
1910 631 1985 690 ut
2029 626 2167 690 eius
2200 623 2442 689 mentio
2472 624 2678 702 fieret,

266 738 463 803 sicut
505 739 574 803 id
623 738 801 821 quod
841 738 922 804 de
967 739 1214 821 virgine
1262 737 1511 803 Vestali
1557 738 1787 803 eodem
1831 739 1975 802 loco
2020 738 2407 821 nuntiatur).

496 851 562 916 G.
610 851 936 915 Laecanio
996 850 1202 915 Basso
1258 850 1343 915 M.
1390 850 1639 914 Licinio
1698 850 1932 915 Crasso
1994 871 2158 914 coss,
2225 850 2309 933 (a.
2358 850 2467 934 64)
2512 848 2681 912 Nea-

262 963 440 1046 poli,
484 962 601 1028 ubi
644 963 702 1027 N
708 983 819 1028 ero
862 964 930 1026 in
974 983 1277 1027 scaenam
1322 960 1679 1045 prodierat,
1726 982 1932 1042 omen,
1980 967 2055 1027 ut
2097 962 2238 1045 ipse
2285 961 2460 1026 Nero
2506 960 2681 1025 arbi-

263 1074 614 1155 trabatur,
655 1074 962 1153 faustum,
1010 1080 1084 1139 ut
1124 1074 1440 1157 plerique,
1489 1075 1681 1139 triste
1729 1075 1979 1139 evenit:

707 1207 854 1251 ann.
900 1186 1038 1252 XV.
1087 1192 1187 1252 34.
1269 1207 1571 1269 „egresso
1612 1187 1724 1269 qui
1769 1185 2075 1251 adfuerat
2116 1187 2359 1270 populo
2405 1206 2680 1250 vacuum

600 1303 668 1364 et
712 1299 850 1364 sine
895 1298 1089 1364 ullius
1134 1319 1308 1363 noxa
1356 1296 1684 1364 theatrum
1732 1300 2111 1382 conlapsum
2158 1303 2294 1363 esti‘

496 1411 745 1476 Eodem
792 1432 960 1476 anno
1007 1412 1311 1495 prodigia
1352 1410 1532 1475 facta
1577 1415 1746 1491 sunt,
1793 1432 1962 1494 quae
1989 1411 2255 1475 Tacitus
2304 1411 2678 1490 „imminen-

267 1530 426 1590 tum
474 1524 798 1589 malorum
840 1524 1110 1589 nuntia“
1156 1523 1358 1589 fuisse
1405 1528 1659 1588 censet:

705 1656 850 1700 ann.
898 1636 1034 1701 XV.
1081 1642 1182 1702 47.
1232 1636 1366 1716 „vis
1413 1635 1746 1719 fulgurum
1791 1657 1921 1700 non
1963 1636 2128 1701 alias
2175 1634 2504 1700 crebrior“

710 1748 926 1827 „sidus
1005 1753 1318 1828 cometeS‚
1402 1749 1716 1832 sanguine
1776 1748 2038 1815 inlustri
2107 1756 2364 1831 semper
2428 1745 2672 1811 Neroni

607 1860 977 1943 expiatum“

706 1972 1046 2057 „bicipites
1128 1973 1461 2037 hominum
1553 1973 1910 2038 aliorumve
1986 1953 2364 2037 animalium
2445 1976 2681 2055 partus

601 2085 840 2150 abiecti
884 2085 952 2149 in
995 2084 1330 2168 publicum
1376 2090 1492 2150 aut
1542 2085 1610 2149 in
1656 2085 1993 2150 sacrificiis
2013 2135 2027 2164 ,
2090 2084 2326 2167 quibus
2371 2084 2677 2167 gravidas

601 2198 848 2263 hostias
891 2196 1195 2262 inmolari
1240 2218 1378 2262 mos
1424 2203 1524 2262 est
1568 2197 1851 2281 reperti“

706 2310 809 2390 „in
848 2330 1008 2393 agro
1053 2308 1430 2374 Placentino
1473 2310 1645 2375 viam
1689 2314 1960 2394 propter
2003 2315 2200 2374 natus
2238 2308 2512 2388 vitulus,
2577 2309 2682 2372 cui

603 2427 803 2505 caput
847 2422 913 2485 in
957 2442 1146 2487 crure
1192 2427 1403 2487 esset“

271 2538 441 2602 huic
483 2534 784 2619 prodigio
830 2533 1058 2598 adiicit
1101 2534 1368 2599 Tacitus
1414 2535 1836 2618 haruspicum
1878 2534 2523 2618 interpretationem:

497 2647 762 2731 „parari
801 2667 1023 2711 rerum
1062 2646 1495 2712 humanarum
1538 2647 1720 2711 aliud
1764 2652 1995 2730 caput,
2046 2646 2162 2710 sed
2205 2668 2333 2710 non
2378 2645 2519 2711 fore
2565 2666 2678 2708 va-

273 2761 494 2826 lidum
535 2779 748 2842 neque
795 2758 1151 2837 occultum,
1199 2759 1354 2841 quia
1397 2759 1465 2822 in
1508 2764 1698 2824 utero
1744 2780 2114 2842 repressum
2161 2764 2278 2823 aut
2319 2759 2447 2823 iter
2491 2757 2679 2821 iuxta

284 2873 543 2939 editum
590 2871 646 2936 si
678 2875 713 2932 Ε*

497 2984 672 3048 Satis
719 2987 997 3067 apparet
1041 2982 1211 3047 hanc
1242 2982 1664 3066 haruspicum
1693 2983 2210 3066 praedictionem
2255 2982 2341 3047 ad
2381 2981 2679 3047 coniura-

277 3098 534 3162 tionem
579 3094 995 3159 Pisonianam
1040 3096 1214 3178 (ann.
1250 3095 1385 3160 XV.
1419 3100 1501 3161 48
1531 3096 1673 3179 sq),
1720 3116 1889 3178 quae
1934 3095 2117 3160 brevi
2163 3100 2313 3179 post
2357 3093 2681 3172 exstincta

281 3211 394 3289 sit,
441 3229 584 3273 esse
626 3206 922 3272 relatam.

496 3320 642 3384 Non
687 3324 788 3383 est
833 3317 1129 3398 dubium,
1176 3319 1332 3401 quin
1376 3319 1491 3384 illa
1532 3319 1977 3399 „imminentia
2021 3320 2252 3399 mala“,
2313 3339 2482 3402 quae
2528 3338 2678 3401 pro-

282 3433 482 3516 digiis
525 3432 907 3497 memoratis
954 3436 1213 3497 ostenta
1257 3453 1398 3497 esse
1444 3432 1710 3497 Tacitus
1755 3432 1948 3512 dicit,
2016 3432 2382 3516 significent
2426 3431 2680 3510 caedeS,

289 3565 461 3628 quas
508 3544 957 3609 coniuratione
1002 3545 1325 3609 exstincta
1367 3525 1543 3610 Nero
1591 3546 1959 3610 exercuerit
2002 3544 2242 3630 (annal.
2268 3545 2406 3610 XV.
2435 3551 2513 3610 59
2535 3546 2677 3627 sq.).

498 3656 698 3739 Signa
743 3656 973 3720 mortis
1016 3656 1224 3720 multa
1266 3656 1508 3722 Neroni
1556 3658 1884 3723 exstitisse
1929 3662 2299 3722 narrantur.

496 3767 785 3833 Futurae
847 3767 1250 3832 infelicitatis
1313 3769 1566 3852 signum
1630 3770 1891 3834 evidens
1949 3770 2080 3833 iam
2141 3769 2247 3833 die
2304 3767 2574 3832 lustrico
2620 3768 2681 3832 ei

288 3880 618 3945 exstitisse
666 3879 1015 3944 Suetonius
1061 3886 1319 3960 narrat,
1367 3902 1517 3945 nam
1562 3881 1627 3946 C.
1676 3881 1917 3946 Caesar
1937 3931 1951 3960 ,
2012 3885 2287 3963 rogante
2336 3898 2560 3944 sorore
2605 3884 2680 3944 ut

287 4013 527 4057 nomen
571 3991 807 4056 infanti
854 3991 1059 4071 daret,
1107 3992 1362 4057 Claudii
1405 3993 1628 4076 patrui
1674 3993 1791 4073 sui,
1839 3993 1953 4075 qui
1997 3998 2137 4057 tum
2180 3993 2351 4056 inter
2390 3989 2679 4056 ludibria

290 4104 483 4169 aulae
529 4109 689 4184 erat,
730 4125 968 4169 nomen
1012 4103 1170 4168 dare
1209 4105 1415 4169 voluit
1461 4126 1578 4188 per
1624 4105 1837 4169 iocum
1884 4105 2085 4190 (Nero
2133 4106 2217 4189 6).

498 4216 947 4281 Mathematici
989 4216 1459 4300 praedixerant
1519 4218 1578 4281 ei
1626 4216 1767 4282 fore
1812 4224 1886 4282 ut
1930 4216 2321 4300 quandoque
2368 4216 2677 4281 destitue-

287 4332 475 4392 retur
520 4327 724 4411 (Suet.
771 4329 846 4392 N.
895 4330 1024 4412 40).
