3167 5067
1282 359 1716 419 -·-79-

1219 610 1639 676 Claudius
1692 611 1771 676 ΙΙ.

513 747 783 813 Claudio
843 748 1123 814 Gothico
1190 748 1535 832 imperium
1605 769 1737 814 non
1796 754 2122 815 ostentum
2181 754 2326 814 erat
2348 800 2365 830 ‚
2432 750 2548 815 sed
2606 750 2686 815 de

309 860 442 924 suis
487 861 770 943 posteris
814 860 925 925 ille
970 860 1281 925 nonnulla
1323 861 1543 925 omina
1586 862 1859 945 aeoepit.

513 972 980 1056 CommageniS,
1024 993 1170 1037 oum
1216 974 1577 1058 imperator
1620 973 1853 1052 faetus,
1899 973 2212 1057 quamdiu
2248 974 2688 1058 imperaturus

304 1089 496 1163 esset,
542 1083 992 1164 consuluisset,
1037 1106 1180 1150 sors
1223 1085 1376 1149 talis
1423 1085 1719 1150 emersit:

717 1195 906 1262 Treb.
953 1196 1111 1263 Poll.
1158 1197 1380 1262 Claud.
1426 1203 1523 1263 10.
1556 1203 1613 1262 3.
1703 1198 1858 1278 ‚‚Tu‚
1904 1199 2017 1280 qui
2067 1219 2237 1263 nuno
2278 1199 2531 1282 patrias
2573 1220 2688 1281 gu-

823 1307 1064 1374 bernas
1107 1330 1259 1374 oras

720 1426 787 1486 et
829 1421 1140 1488 mundum
1183 1422 1376 1505 regis,
1421 1421 1672 1488 arbiter
1717 1421 2006 1501 deorum,

719 1538 794 1597 tu
838 1533 1058 1598 vinces
1099 1538 1353 1598 veteres
1396 1534 1527 1599 tuis
1570 1533 1880 1615 novellis3

718 1643 1089 1728 regnabunt
1129 1649 1197 1709 et
1240 1645 1412 1710 enim
1458 1646 1556 1711 tui
1597 1646 1880 1711 minores

718 1762 787 1821 et
828 1778 1017 1840 reges
1060 1755 1307 1821 facient
1349 1777 1501 1824 suos
1539 1757 1863 1823 minoresi‘

512 1868 586 1932 In
631 1870 1042 1952 Appennino,
1105 1890 1252 1935 oum
1296 1869 1378 1935 de
1421 1870 1703 1954 posteris
1756 1870 1891 1935 suis
1937 1871 2384 1951 consuluisset,
2423 1892 2690 1957 respon-

302 2002 450 2045 sum
500 1986 639 2045 est:

716 2091 804 2157 ib.
854 2098 951 2158 lo.
1000 2099 1058 2158 5.
1145 2093 1305 2173 „His
1347 2113 1468 2177 ego
1526 2113 1648 2157 neo
1698 2098 1907 2158 metas
1964 2114 2184 2159 rerum
2226 2115 2348 2160 nee
2387 2100 2684 2179 tempora

719 2211 997 2289 ponam“
1046 2206 1267 2290 [Verg.
1314 2206 1472 2270 Aen.
1517 2205 1564 2269 Ι.
1615 2206 1788 2290 278}

514 2315 706 2400 Apud
750 2317 1104 2401 Vopiscum
1122 2370 1136 2396 ‚
1195 2317 1412 2383 Aurel.
1472 2322 1574 2383 44.
1624 2323 1684 2398 4,
1733 2317 2026 2401 legimus
2081 2319 2281 2383 etiam
2337 2319 2688 2384 Aureliano

299 2428 688 2512 imperatori
734 2450 881 2495 oum
926 2429 1302 2495 Gallicanas
1347 2429 1647 2515 Dryadas
1695 2430 1775 2495 de
1819 2429 1953 2496 suis
1991 2431 2273 2514 posteris
2317 2431 2690 2497 sciscitatus

303 2545 512 2620 esset,
580 2561 960 2624 responsum
1026 2563 1167 2607 esse
1246 2542 1487 2608 nullius
1549 2542 1790 2607 elarius
1852 2543 1919 2606 in
1995 2563 2067 2607 re
2132 2542 2397 2626 publiea
2456 2564 2689 2609 nomen

303 2672 504 2734 quam
550 2651 806 2718 Claudii
847 2657 1258 2735 posterorum
1303 2653 1615 2719 futurum.

511 2763 936 2846 Praesagium
980 2786 1110 2830 non
1155 2765 1389 2830 diutini
1432 2766 1690 2851 imperii
1735 2766 1992 2850 aeoepit
2034 2765 2369 2846 Claudius,
2432 2788 2577 2832 oum
2622 2768 2688 2831 in

305 2876 690 2959 Appennino
735 2874 816 2941 de
861 2897 930 2941 se
979 2877 1444 2958 consuluisset3
1484 2898 1638 2943 nam
1681 2898 2063 2961 responsum
2108 2883 2238 2943 est:

718 2987 877 3052 Poll.
941 2987 1165 3054 Claud.
1211 2995 1308 3054 10.
1353 2996 1412 3054 4.
1503 2989 1766 3069 „Tertia
1833 2988 1985 3055 dum
2052 2990 2242 3055 Latio
2308 2996 2689 3074 regnantem

722 3098 960 3163 viderit
1003 3104 1258 3165 aestas“
1303 3102 1524 3186 (Verg.
1567 3102 1723 3166 Aen.
1772 3101 1817 3166 Ι.
1866 3103 2038 3185 265).

1261 3298 1754 3377 Quintillus,

512 3435 611 3500 De
655 3435 967 3515 Quintillo
1011 3434 1237 3515 fratre,
1282 3436 1395 3518 qui
1427 3435 1698 3500 Claudio
1726 3441 1985 3502 mortuo
2030 3437 2334 3521 exiguum
2378 3440 2691 3522 temporis

301 3548 590 3631 spatium
633 3548 978 3631 imperium
1024 3547 1323 3628 obtinuit,
1373 3546 1683 3613 Claudius
1704 3599 1719 3628 ‚
1767 3571 1913 3614 oum
1958 3550 2025 3614 in
2073 3551 2412 3634 Appenino
2460 3571 2689 3616 oonsu-

300 3660 551 3737 luisset‚
596 3657 721 3722 hoo
766 3679 1147 3743 responsum
1189 3660 1465 3726 tulerat:

720 3770 879 3834 Poll.
925 3771 1148 3836 Claud.
1214 3778 1308 3836 lo.
1356 3778 1413 3837 6.
1503 3773 1906 3852 „Ostendent
1960 3773 2156 3837 terris
2209 3773 2383 3838 huno
2433 3778 2688 3839 tantum

721 3882 897 3947 fata“
942 3882 1161 3967 [Verg.
1209 3884 1364 3948 Aen.
1411 3884 1517 3949 vl.
1569 3886 1742 3969 669}

1237 4080 1774 4147 Aurelianus.

515 4218 864 4282 Aureliano
905 4219 1286 4301 imperatori
1351 4219 1559 4284 multa
1618 4221 1835 4284 omina
1896 4221 2099 4287 futuri
2162 4222 2418 4305 imperii
2466 4220 2686 4286 oblata

302 4336 472 4397 sunt.
