3167 5067
1313 362 1745 419 -ιγ-

551 525 886 590 Postremo
933 548 1522 606 commemoremus,
1570 526 1728 610 quid
1775 527 1896 592 Dio
1942 528 2059 613 Ep.
2099 527 2338 593 LXXX
2385 536 2441 595 5.
2490 536 2526 595 3
2572 552 2721 595 nar-

339 643 462 717 ret,
509 660 549 701 a
591 637 711 702 deo
757 638 886 703 sibi
919 644 1238 730 ostentum
1289 660 1428 703 esse
1458 640 1725 728 somnio,
1771 644 1845 703 ut
1888 639 2209 722 reliquum
2254 642 2423 728 vitae
2467 647 2723 726 tempus

336 749 406 811 in
452 749 670 831 patria
714 770 834 814 sua
864 749 1132 833 degeret
1159 748 1448 815 futurum
1488 755 1630 814 esse
1674 747 1922 835 (ὥσπερ
1968 804 1981 818 .
2011 804 2023 818 .
2052 804 2065 818 .
2111 750 2188 819 τὸ
2221 751 2573 839 δαιμόνιον
2618 807 2632 821 .
2657 807 2677 844 ο.
2706 806 2719 821 .

338 860 721 946 σαφέστατα
767 859 1145 948 ἐδήλωσεν).

547 1084 612 1149 C.
660 1084 1115 1150 Suetonius
1172 1084 1734 1167 Tranquillus
1781 1105 2040 1168 quoque
2086 1084 2296 1149 credit
2323 1106 2430 1150 res
2464 1085 2726 1151 futuras·

336 1193 651 1279 prodigiis
712 1201 779 1259 et
840 1197 1039 1278 signis
1096 1211 1291 1278 saepe
1348 1195 1834 1279 praenuntiari,
1893 1196 2068 1278 quod
2126 1203 2205 1260 ex
2264 1196 2487 1261 multis
2540 1197 2720 1276 lociS‚

336 1306 451 1389 qui
514 1307 581 1369 in
643 1306 782 1372 eius
848 1307 1035 1371 libris
1106 1307 1553 1386 inveniuntur,
1622 1307 1905 1391 perspici
1965 1311 2200 1390 potest.
2304 1308 2450 1372 Non
2523 1308 2720 1372 modo·

337 1417 550 1482 omnia
599 1418 812 1500 signa,
876 1413 1111 1500 q‘uibus
1167 1423 1492 1483 ostentum
1550 1419 1638 1483 sit
1690 1419 1825 1483 sive
1868 1418 2211 1503 imperium
2258 1419 2533 1484 alicuius
2576 1420 2714 1484 sive

335 1550 513 1593 mors
559 1530 691 1594 sive
737 1529 917 1593 aliud
963 1533 1279 1607 eventum,
1312 1529 1803 1613 diligentissime
1838 1535 2328 1607 commemorat,
2363 1527 2482 1595 sed'
2524 1531 2721 1595 etiam

336 1640 522 1704 addit
577 1661 773 1723 saepe
833 1639 1461 1720 „evidentissimum“
1511 1641 1713 1706 fuisse
1759 1662 1947 1707 omen
2007 1643 2175 1728 (Div.
2217 1640 2336 1707 Iul.
2381 1619 2494 1708 815:
2551 1643 2719 1721 „Sed

336 1751 603 1817 Caesari
669 1747 892 1816 futura
953 1751 1185 1817 caedes
1246 1753 1652 1817 evidentibus
1722 1753 2037 1836 prodigiis
2100 1753 2499 1819 denuntiata·
2543 1755 2719 1835 est“;

335 1864 477 1927 Div,
523 1865 685 1946 Aug.
724 1869 804 1928 97
854 1885 1066 1943 „mors
1125 1884 1382 1946 quoque
1446 1864 1619 1944 eius,
1682 1864 1762 1929 de
1822 1885 1954 1948 qua
2010 1865 2162 1929 hinc
2227 1864 2459 1956 dicam,
2511 1914 2560 1929 ..
2592 1914 2643 1929 ..
2669 1915 2720 1929 ..

334 1972 832 2039 evidentissimis
877 1975 1147 2039 ostentis
1192 1975 1619 2059 praecognita
1661 1982 1829 2057 est“;
1910 1976 2083 2040 Nero
2131 1982 2167 2041 6
2215 1975 2515 2055 „futurae
2559 1955 2721 2039 infe-

330 2086 601 2150 licitatis
652 2086 906 2169 signum
955 2085 1288 2167 evidens“;
1333 2086 1419 2150 ib.
1462 2092 1519 2172 4.
1568 2094 1605 2153 6
1652 2088 2066 2166 „terrebatur
2110 2087 2194 2151 ad
2238 2087 2364 2151 hoc
2409 2086 2721 2151 evidenti-

333 2197 458 2262 bus
501 2198 897 2282 portentis“;
963 2196 1175 2262 Galba
1224 2202 1254 2261 1
1311 2247 1378 2277 „.
1407 2247 1421 2262 .
1448 2248 1462 2263 .
1507 2197 1970 2292 compluribus·
2006 2198 2266 2281 quidem
2313 2199 2543 2281 signis,
2608 2198 2722 2262 sed

334 2309 436 2375 vel
497 2309 991 2375 evidentissimis
1055 2308 1309 2373 duobus
1365 2310 1745 2393 apparuit“;
1805 2309 2103 2374 similiter
2148 2308 2363 2374 Galba
2409 2314 2449 2374 8
2507 2308 2722 2388 „haud

333 2420 708 2503 ambiguum
754 2441 1042 2485 summae
1087 2419 1344 2504 imperii
1386 2420 1712 2503 signum“;
1755 2395 1859 2486 ib.K
1894 2426 1973 2487 10
2019 2470 2113 2500 „..
2144 2470 2157 2484 .
2203 2426 2281 2485 ut
2321 2419 2561 2484 nemini
2605 2419 2721 2484 du-

333 2531 515 2596 bium
561 2536 734 2596 esset
764 2531 1134 2597 faventibus
1180 2531 1303 2596 diis
1343 2530 1584 2597 bellum
1617 2529 1925 2617 suscipi“)
1971 2531 2073 2596 vel
2112 2531 2378 2614 attingit
2422 2536 2719 2596 eventum

334 2644 663 2708 exstitisse
712 2643 945 2720 talem,
1008 2643 1267 2726 qualem
1329 2663 1468 2707 esse
1525 2644 1817 2708 futurum
1883 2639 2069 2708 omen
2127 2642 2591 2726 praedixisset,
2649 2647 2724 2708 ut

332 2756 476 2819 Div.
509 2756 671 2837 Aug.
709 2759 790 2820 96
840 2775 1088 2838 „neque
1133 2754 1325 2819 aliter
1360 2754 1647 2836 evenit“;
1691 2754 1905 2820 Galba
1944 2759 2020 2820 18
2058 2755 2339 2834 „exitum
2386 2754 2463 2833 ei,
2510 2754 2721 2836 qualis

333 2867 549 2932 evenit
579 2866 1120 2951 portenderant“;
1165 2865 1293 2929 Vit.
1329 2870 1366 2928 9
1409 2867 1685 2949 „quibus
1715 2867 1987 2932 ostentis
2031 2883 2155 2949 par
2199 2864 2538 2949 respondit
2584 2866 2721 2929 exi‘-

332 2983 514 3058 tus“;
560 2975 700 3042 Div.
733 2977 924 3062 Vesp.
965 2984 1004 3042 4
1047 2982 1401 3061 „quantum
1445 2983 1677 3061 postea
1712 2977 1945 3043 'eventu
1974 2978 2268 3061 paruit“;
2311 2976 2398 3041 ib.
2436 2981 2521 3041 25‘
2564 2996 2722 3055 „nec

332 3110 440 3154 res
476 3087 746 3153 fefelliti‘
834 3089 994 3154 Cum
1026 3111 1226 3154 unum
1268 3109 1349 3152 ex
1377 3087 1712 3173 prodigiis,
1756 3089 1992 3172 quibus
2031 3079 2329 3153 Caesaris
2370 3089 2722 3170 interemp-

331 3201 426 3264 tio
477 3199 789 3264 denuntia
835 3200 938 3279 sit,
987 3200 1335 3265 admodum
1378 3198 1678 3265 mirabile
1723 3219 1802 3265 ac
1840 3219 2048 3285 paene
2076 3198 2458 3264 incredibile
2504 3198 2722 3262 videa·

332 3318 464 3391 tur,
512 3309 974 3376 commemorat
1006 3311 1352 3377 Suetonius
1386 3317 1723 3377 auctorem
1766 3308 2233 3390 fidelissimum,
2278 3329 2361 3375 ne
2389 3310 2535 3393 quis
2584 3313 2723 3373 rem

339 3423 707 3487 fabulosam
754 3429 870 3487 aut
915 3422 1433 3488 commenticiam
1475 3427 1665 3507 putet
1711 3422 1877 3507 (Div.
1920 3421 2037 3488 Iul.
2084 3423 2214 3505 81).

514 3531 748 3621 'Valde
794 3536 1104 3614 miratur,
1156 3533 1332 3619 quod
1377 3535 1853 3619 Vespasianus,
1913 3536 2025 3617 qui
2068 3534 2498 3599 certissimam
2542 3514 2724 3616 spem

333 3643 594 3727 imperii
639 3645 1135 3711 evidentissimis
1182 3647 1454 3712 ostentis
1498 3646 1902 3730 conceperit,
1939 3624 2160 3710 tamen
2207 3649 2569 3724 cunctatur,
2616 3663 2721 3708 oc-

337 3755 668 3821 casionem
711 3756 1114 3840 adipiscendi
1157 3758 1563 3842 principatus
1610 3758 1902 3841 arripere
1948 3754 2115 3840 (Div.
2162 3757 2353 3840 Vesp.
2404 3757 2488 3839 6).

541 3979 617 4043 Id
662 3979 835 4062 quod
881 3978 1424 4046 Herodianus
1471 3980 1920 4070 de'ominibus
1966 3985 2164 4063 atque
2208 3978 2527 4063 prodigiis
2576 3998 2723 4044 cen·

333 4096 467 4168 set,
529 4091 934 4173 aliquantum
998 4091 1218 4156 differt
1277 4112 1318 4156 a
1381 4091 1673 4157 Suetonii
1729 4096 1794 4156 et
1851 4092 2077 4156 Dionis
2135 4091 2456 4175 opinione.
2563 4091 2724 4157 Cum

334 4202 512 4285 apud
556 4201 675 4265 hos
712 4203 1020 4285 permulti
1055 4208 1310 4268 exstent
1338 4204 1482 4284 loci,
1531 4225 1566 4267 e
1614 4202 1868 4285 quibus,
1905 4207 2153 4286 quanta
2183 4222 2406 4267 eorum
2432 4202 2722 4286 ipsorum

332 4314 536 4379 fuerit
572 4313 968 4397 superstitio,
1019 4316 1319 4398 cognosci
1363 4320 1601 4400 potest,
1647 4314 1865 4379 nescio
1911 4334 1996 4377 an
2039 4313 2254 4377 nullus
2297 4350 2384 4362 —
2430 4316 2721 4397 exceptis

335 4424 622 4506 duobus,
690 4424 771 4489 de
841 4423 1078 4507 quibus
1130 4424 1305 4492 infra
1366 4447 1637 4510 agemus
1679 4462 1767 4475 —
1814 4424 1989 4510 apud
2047 4424 2495 4490 Herodianum
2537 4425 2720 4491 locus
