3167 5067
1215 395 1647 455 ...11—

238 560 524 640 stitione,
571 566 645 625 ut
690 563 799 643 qui
845 555 1011 641 mox,
1058 583 1273 626 rerum
1319 562 1649 642 dominuS,
1699 562 2040 626 Seleucum
2086 562 2442 644 quendam,
2486 585 2620 626 ma-

236 672 683 752 thematicum,
731 679 1050 738 rectorem
1101 679 1167 738 et
1207 675 1577 758 praescium
1623 674 1839 757 palam
1884 673 2227 738 habueriti‘

450 784 815 849 Admodum
861 786 1066 850 multa
1114 791 1373 851 exstant
1408 786 1724 870 exempla,
1769 786 1940 850 unde
1971 786 2353 870 Vespasiani
2394 807 2618 869 super·

237 897 573 960 stitionem
619 917 1009 979 cognoscere
1053 897 1223 962 licet.

448 1009 524 1072 In
570 1007 866 1072 Carmelo
897 1014 1115 1074 monte
1147 1009 1482 1074 oraculum
1515 1009 1856 1089 consuluit,
1903 1029 2088 1089 „cum
2136 1031 2284 1093 spes
2330 1010 2619 1074 occultas

235 1126 536 1184 versaret
580 1120 924 1202 anim01)“.
1015 1120 1173 1184 Cum
1220 1121 1654 1185 Alexandriae
1698 1126 2101 1201 versaretur,
2150 1122 2459 1205 templum
2509 1122 2619 1188 Se-

234 1231 489 1315 rapidis
535 1231 733 1310 adiit,
795 1235 907 1310 „ut
953 1253 1148 1315 super
1191 1232 1390 1297 rebus
1433 1233 1689 1317 imperii
1739 1232 2164 1313 consuleret“,
2227 1212 2423 1316 atque
2467 1255 2619 1317 pro-

235 1343 417 1425 digio
481 1342 575 1407 ibi
640 1340 816 1408 facto
885 1343 1074 1408 valde
1152 1350 1591 1409 commovetur
1606 1344 1679 1426 2).
1790 1346 2115 1423 Quantum
2198 1344 2471 1424 afuerit,
2546 1350 2623 1409 ut

235 1454 511 1537 Josephi
560 1497 642 1506 -
687 1456 980 1537 quamvis
1029 1456 1268 1539 captivi
1327 1462 1392 1519 et
1433 1455 1763 1521 libertatis
1819 1455 2039 1538 cupidi
2082 1494 2168 1503 —-
2212 1456 2619 1520 vaticinatio-

238 1587 388 1631 nem
443 1587 563 1648 pro
609 1566 811 1631 nihilo
870 1566 1168 1644 duceret,
1230 1567 1406 1650 apud
1463 1566 1820 1650 Josephum
1845 1566 1899 1649 3)
1957 1568 2171 1650 ipsum
2213 1568 2428 1651 legere
2472 1589 2621 1651 pos-

237 1699 480 1741 sumus
571 1677 731 1741 Cum
775 1678 1181 1761 principatus
1225 1699 1372 1762 spes
1419 1678 1761 1761 ambiguas
1812 1680 2141 1762 suscipere
2180 1684 2618 1757 cunctaretur,

236 1788 342 1854 sui
384 1810 739 1872 „responsa
781 1794 1002 1854 vatum
1046 1795 1114 1853 et
1153 1790 1437 1854 siderum
1472 1796 1725 1854 motus“
1768 1790 2016 1855 referre
2057 1795 2428 1875 coeperunt,
2473 1812 2620 1875 per-

134 1905 139 1910 '
236 1901 438 1979 suasi,
486 1901 728 1965 talibus
777 1900 1246 1985 Vespasianum
1291 1922 1483 1984 posse
1528 1903 1918 1966 commoveri
1934 1901 2009 1984 4).

447 2011 680 2094 Itaque
722 2050 810 2060 —
863 2013 1161 2077 existimo
1200 2051 1289 2061 --
1333 2013 1725 2078 contendere
1790 2034 2133 2097 possumus
2193 2013 2357 2078 nihil
2414 2034 2621 2096 aeque

212 2125 733 2207 ·Vespasianum‚
781 2145 927 2188 cum
970 2125 1120 2189 talis
1162 2124 1412 2204 fuisset,
1456 2124 1872 2189 confirmasse
1918 2131 1984 2189 et
2021 2125 2376 2207 impulisse,
2422 2129 2619 2206 atque

238 2237 528 2300 ominum
569 2241 635 2299 et
671 2235 1136 2318 prodigiorum,
1181 2257 1350 2320 quae
1397 2238 1457 2301 ei
1502 2257 1542 2301 a
1588 2236 1802 2319 prima
1831 2236 2114 2320 pueritia
2148 2236 2375 2300 oblata
2415 2247 2621 2314 erant,

237 2349 568 2430 ingentem
625 2368 998 2427 numerum,
1059 2354 1126 2412 et
1180 2349 1398 2412 nescio
1464 2368 1548 2411 an
1592 2347 1962 2411 Flaviorum
2025 2347 2252 2411 domus
2311 2347 2471 2411 nulli
2526 2348 2623 2411 rei

237 2459 449 2538 magis
495 2458 935 2543 principatum
979 2459 1294 2539 debuerit,
1339 2480 1533 2542 quam
1581 2459 1967 2542 Vespasiani
2020 2459 2479 2543 superstitioni.

448 2571 859 2635 Domitianus
906 2572 1289 2655 Vespasiani
1340 2570 1512 2635 filius
1558 2569 2106 2634 nobilissimorum
2152 2571 2485 2653 genituras
2527 2571 2622 2633 in-

240 2682 459 2765 spexit
513 2686 710 2764 atque
774 2703 919 2760 eos,
996 2703 1030 2746 e
1105 2682 1340 2764 quibus
1398 2682 1752 2765 perniciem
1812 2682 1984 2745 vitae
2044 2682 2448 2764 imperioque
2504 2703 2623 2746 suo

240 2794 557 2858 exsistere
601 2814 792 2877 posse
839 2793 1152 2876 astrologi
1198 2791 1645 2872 affirmabant,
1692 2792 2022 2859 interfecit
2039 2792 2111 2876 5).
2202 2794 2416 2875 Atque
2460 2793 2622 2857 nihil

238 2910 585 2988 tantopere
630 2904 884 2968 Nervae
930 2905 1292 2988 persuasit,
1352 2910 1426 2969 ut
1468 2909 1841 2988 pateretur,
1906 2904 2046 2968 fore
2109 2910 2184 2969 ut
2222 2905 2362 2987 ipse
2401 2904 2623 2968 Domi-

236 3019 420 3081 tiano
464 3021 696 3080 necato
738 3017 1096 3099 imperator
1138 3015 1358 3096 fieret,
1423 3037 1621 3099 quam
1680 3016 1854 3099 quod
1909 3037 1977 3080 se
2039 3036 2298 3099 quoque
2343 3015 2620 3080 astrolo-

241 3149 473 3212 gorum
529 3127 777 3191 invidia
836 3128 903 3191 in
950 3128 1382 3210 suspicionem
1426 3127 1800 3191 Domitiano
1847 3128 2099 3192 venisse
2141 3126 2319 3191 haud
2363 3128 2623 3209 ignora-

239 3239 360 3304 bat
379 3239 452 3321 6).
542 3240 722 3317 Quae
785 3237 1194 3303 Domitianus
1262 3238 1828 3321 appropinquante
1882 3244 2206 3322 tempore,
2279 3260 2407 3321 quo
2476 3260 2623 3302 eum

238 3351 607 3434 periturum
652 3371 793 3415 esse
844 3349 1154 3414 Chaldaei
1213 3350 1711 3432 praedixerant,
1773 3350 2209 3414 sollicitudine
2268 3356 2334 3414 et
2389 3351 2623 3414 timore

453 3625 504 3691 1)
545 3623 697 3678 Suet.
733 3624 907 3695 Vesp.
945 3626 1008 3693 ὃς
1048 3625 1180 3679 Tac.
1217 3626 1346 3679 hist.
1384 3624 1464 3678 II.
1505 3629 1588 3679 78.

447 3709 503 3776 2)
543 3708 695 3762 Suet.
739 3709 909 3778 Vesp.
947 3714 1009 3777 73
1054 3710 1185 3764 Tac.
1220 3711 1346 3764 hist.
1385 3710 1488 3764 IV.
1527 3714 1611 3764 82.

448 3796 504 3862 3)
540 3794 678 3848 Bell.
717 3793 840 3848 Iud.
878 3794 993 3848 III.
1032 3798 1080 3848 8.
1119 3800 1183 3862 9;
1220 3795 1323 3849 IV.
1364 3799 1443 3849 10.
1483 3801 1530 3850 7.

446 3882 502 3948 4)
539 3879 671 3933 Tac.
708 3880 835 3934 hist.
874 3880 956 3934 II.
992 3884 1074 3934 78.

448 3968 503 4034 5)
538 3966 650 4020 Dio
685 3965 932 4020 LXVII.
975 3969 1053 4020 15.
1085 3970 1147 4035 63
1186 3985 1314 4021 cum
1350 3969 1600 4021 nonnulli
1639 3969 2030 4038 principatum,
2070 3986 2237 4038 quem
2275 3969 2448 4038 signis
2493 3969 2622 4022 freti

241 4052 651 4122 appetiverunt,
689 4071 749 4107 re
769 4071 900 4107 vera
936 4054 1127 4122 adepti
1165 4054 1296 4122 sint,
1337 4058 1523 4107 tamen
1559 4055 1736 4107 multo
1770 4055 2022 4123 pluribus
2060 4055 2188 4121 sive,
2229 4055 2378 4122 quod
2419 4054 2487 4107 de
2523 4055 2623 4106 im-

240 4138 400 4207 perio
429 4137 616 4190 futuro
656 4139 923 4192 sciscitati
946 4143 1146 4207 essent,
1185 4141 1297 4195 sive
1328 4140 1586 4209 genitura
1618 4141 1741 4209 ipsa
1764 4129 2071 4209 perniciem
2106 4141 2324 4207 attulit3
2362 4141 2431 4193 cf.
2454 4141 2621 4193 etiam

239 4223 351 4276 Dio
402 4223 509 4291 Ep.
562 4221 750 4275 LVII.
808 4226 888 4276 12.
938 4227 1104 4292 2-4;
1157 4224 1343 4294 Spart.
1393 4224 1569 4278 Hadr.
1621 4228 1705 4280 23.
1741 4229 1803 4295 3;
1853 4225 1963 4279 Dio
2016 4225 2122 4298 Ep.
2160 4224 2428 4280 LXXVI.
2466 4228 2515 4278 8.
2559 4228 2622 4293 1;

243 4308 428 4380 Spart.
466 4307 591 4361 SeV.
631 4309 710 4360 15.
744 4310 807 4375 53
842 4308 952 4362 Dio
991 4308 1328 4364 LXXVIII.
1363 4313 1411 4363 2.
1450 4313 1499 4364 3.
2664 4336 2671 4340 ·

446 4395 500 4464 6)
536 4393 648 4447 Dio
684 4394 789 4463 Ep.
826 4393 1073 4450 LXVII.
1114 4396 1193 4450 15.
1230 4397 1278 4450 5.
