3167 5067
1500 383 1931 441 ..54—

528 551 773 632 (nescio
815 572 896 611 an
941 550 1065 612 hoc
1127 550 1440 612 somnium
1488 550 1740 631 siguum
1787 551 2039 632 imperii
2087 551 2457 614 habendum
2504 553 2616 630 sit,
2683 574 2915 633 quam-

529 680 725 743 quam
767 683 895 726 non
937 662 1064 743 legi
1110 661 1452 738 Severum,
1514 661 1973 743 imperatorem
2031 663 2310 742 factum,
2375 665 2536 728 illud
2598 664 2917 747 templum

529 774 922 857 restituisse)
1829 774 1835 778 ⁴

939 885 1025 948 ib.
1074 893 1129 949 3.
1179 893 1235 950 9.
1325 891 1430 963 „et
1476 907 1623 948 cum
1671 887 1980 965 audisset,
2025 910 2165 952 esse
2211 891 2273 953 in
2324 891 2513 974 Syria
2565 891 2916 972 quandam,

841 1018 1009 1079 quae
1055 997 1124 1059 id
1169 997 1505 1079 geniturae
1553 997 1830 1063 haberet
1875 1007 1947 1063 ut
1993 1003 2131 1082 regi
2176 1004 2591 1084 iungeretur,
2639 1003 2915 1066 eandem

838 1109 1105 1173 uxorem
1137 1110 1320 1191 petit,
1369 1109 1600 1173 Iuliam
1646 1110 1929 1175 scilicet“
1974 1114 2217 1197 (Spart.
2248 1114 2417 1178 Geta
2451 1121 2505 1178 3.
2541 1122 2603 1196 13
2652 1116 2912 1198 Lampr.

843 1221 1021 1286 Alex.
1069 1222 1209 1285 Sev.
1259 1228 1314 1288 5.
1364 1222 1431 1304 4)

941 1333 1026 1397 ib.
1083 1341 1140 1397 4.
1191 1339 1246 1397 6.
1339 1355 1524 1412 „cum
1593 1335 1768 1400 humi
1835 1338 2054 1403 iacens
2116 1341 2494 1422 epularetur
2555 1364 2702 1406 oum
2765 1344 2915 1406 filiis

841 1467 1042 1529 parca
1087 1467 1273 1524 cena,
1334 1468 1659 1530 pomaque
1722 1449 2025 1532 adposita
2083 1453 2290 1516 maior
2333 1454 2541 1534 filius,
2604 1458 2714 1538 qui
2761 1463 2915 1519 tunc

844 1558 1274 1640 quinquennis
1318 1558 1496 1637 erat,
1543 1561 1994 1627 conlusoribus
2037 1562 2327 1646 puerulis
2388 1589 2585 1631 manu
2628 1568 2913 1650 largiore

843 1670 1191 1748 divideret,
1240 1677 1558 1753 paterque
1602 1673 1782 1736 illum
1828 1676 2311 1757 reprehendens
2375 1679 2681 1744 dixisset:
2746 1688 2912 1763 ‘par-

844 1781 980 1844 cius
1012 1781 1243 1861 divide,
1289 1804 1418 1846 non
1460 1785 1628 1847 enim
1661 1786 1877 1866 regias
1917 1809 2072 1870 opes
2108 1791 2439 1872 possides’,
2483 1793 2913 1874 quinquennis

841 1913 1006 1976 puer
1055 1895 1425 1976 respondit:
1470 1896 1606 1959 ‘sed
1650 1897 2015 1979 possidebo’
2059 1903 2325 1984 inquid“

948 2006 1162 2088 Spart.
1225 2005 1366 2089 Nig.
1432 2013 1487 2071 3.
1552 2014 1607 2072 2.
1699 2011 2026 2088 „Iulianus
2088 2014 2328 2079 dixisse
2389 2016 2633 2096 fertur,
2710 2040 2912 2100 neque

843 2117 968 2181 sibi
1027 2139 1237 2200 neque
1299 2119 1651 2184 Pescennio
1728 2122 1990 2205 longum
2062 2127 2406 2209 imperium
2474 2130 2727 2210 deberi,
2804 2132 2913 2196 sed

844 2230 1122 2294 Severo“
1170 2229 1277 2314 (cf.
1323 2252 1470 2314 pag.
1522 2239 1603 2297 50
1651 2239 1716 2297 et
1762 2236 1870 2319 51)

945 2341 1032 2406 ib.
1081 2349 1138 2406 8.
1190 2348 1244 2406 3.
1337 2364 1496 2421 „nec
1539 2344 1747 2411 defuit
1780 2347 1911 2412 alia
1943 2352 2309 2432 curiositaS,
2358 2377 2487 2437 qua
2523 2348 2913 2439 requisitum

846 2458 977 2532 est,
1038 2454 1150 2535 qui
1209 2460 1381 2518 esset
1439 2461 1826 2537 optenturus
1872 2482 2009 2525 rem
2049 2464 2397 2546 publicam.
2460 2468 2544 2530 ad
2592 2470 2766 2551 quod
2811 2471 2916 2534 ille

845 2565 1171 2648 (Delphici
1198 2566 1513 2648 Apollinis
1542 2573 1751 2654 vates)
1786 2575 2127 2654 respondit
2161 2578 2358 2641 alium
2384 2600 2641 2644 versum
2688 2583 2914 2647 talem:

949 2677 1286 2741 Fundetur
1333 2681 1595 2761 sanguis
1642 2683 1790 2747 Albi
1836 2685 2151 2769 Nigrique
2194 2691 2559 2770 animantis,

948 2790 1300 2871 Imperium
1346 2792 1570 2855 mundi
1617 2793 1835 2859 Poena
1880 2806 2066 2880 reget
2112 2802 2273 2865 urbe
2317 2804 2693 2886 profectus“

947 2901 1032 2965 ib.
1081 2908 1138 2966 8.
1188 2908 1243 2966 6.
1332 2903 1527 2981 „item
1574 2927 1718 2970 cum
1767 2919 2226 2993 quaereretur,
2282 2918 2593 2997 quamdiu
2638 2920 2918 3003 impera-

847 3019 1034 3078 turus
1080 3019 1269 3093 esset,
1317 3018 1730 3098 respondisse
1778 3020 2030 3088 Graece
2078 3025 2344 3092 dicitur:

949 3126 1061 3190 Bis
1108 3126 1291 3190 denis
1335 3128 1572 3192 Italum
1618 3134 1991 3199 conscendit
2039 3140 2313 3204 navibus
2360 3163 2633 3225 aequor:

952 3239 1021 3303 Si
1068 3244 1285 3302 tamen
1334 3261 1464 3304 una
1509 3243 1670 3307 ratis
1716 3248 2044 3313 transiliet
2085 3248 2373 3335 pelagus,

541 3373 620 3416 ex
668 3372 795 3433 quo
841 3350 1262 3428 intellectum,
1313 3351 1623 3418 Severum
1669 3359 1898 3439 viginti
1947 3383 2150 3429 annos
2196 3368 2645 3449 expleturum&

749 3463 1073 3526 Victorias
1120 3483 1413 3545 quoque,
1475 3488 1639 3548 quas
1701 3470 1779 3533 de
1827 3471 2029 3554 Nigro
2094 3482 2159 3539 et
2205 3479 2469 3559 Albino,
2532 3482 2921 3548 adversariis

541 3576 693 3654 suis,
741 3575 1118 3657 reportavit,
1168 3574 1443 3640 Severus
1490 3580 1709 3645 multis
1758 3585 1957 3667 signis
2000 3592 2459 3672 praecognitas
2502 3594 2754 3660 habuit.

954 3687 1076 3752 Dio
1115 3687 1230 3770 Ep.
1279 3688 1562 3753 LXXIV.
1610 3698 1664 3755 7.
1714 3701 1769 3773 6,
1826 3702 1879 3760 7.
1969 3697 2097 3767 κᾶν
2155 3712 2494 3784 παντελῶς
2555 3707 2925 3794 ἐκράτησαν

852 3803 947 3883 (οἱ
990 3809 1116 3867 τοῦ
1162 3804 1476 3885 Νίγρου),
1523 3805 1579 3869 εἰ
1623 3805 1715 3890 μὴ
1759 3809 1933 3895 νέφη
1981 3811 2046 3891 ἐξ
2098 3817 2366 3899 αἰθρίας
2411 3819 2522 3883 καὶ
2568 3815 2811 3905 ἄνεμος
2858 3822 2926 3887 ἐκ

852 3916 1168 3997 νηνεμίας
1213 3915 1491 3996 βρονταί
1542 3917 1613 3982 τε
1663 3924 1940 4006 σκληραὶ
2000 3927 2110 3991 καὶ
2167 3924 2498 4012 ἀστραπαὶ
2544 3928 2752 4011 ὀξεῖαι
2778 3929 2921 4018 μεθ’

853 4022 1057 4090 ὑετοῦ
1122 4020 1377 4106 λάβρου
1432 4026 1600 4092 κατὰ
1655 4030 2043 4114 πρόσωπον
2076 4036 2306 4121 αὐτοῖς
2363 4044 2781 4127 προσέπεσον

851 4134 1165 4227 μέγιστον
1223 4128 1278 4198 δ’
1346 4132 1516 4222 αὕτη
1583 4138 1625 4225 ἡ
1669 4153 1989 4232 συντυχία
2043 4161 2167 4219 τοῦ
2210 4156 2580 4241 γενομένου
2624 4168 2765 4235 τοῖς
2808 4158 2928 4241 μὲν

855 4273 1021 4355 (τοῖς
1064 4268 1189 4326 τοῦ
1235 4246 1619 4334 Σὸθυῆρθυ)
1677 4256 1931 4341 θάρσος
1997 4261 2081 4344 ὦς
2138 4268 2248 4332 καὶ
2305 4267 2484 4352 παρὰ
2548 4278 2673 4335 τοῦ
2734 4273 2926 4335 θείου

854 4384 1345 4469 βοηθουμένοις
1574 4365 1951 4452 ἐμβαλοῦσα
2014 4378 2172 4457 τοὺς
2232 4382 2354 4465 μὲν
2413 4383 2524 4446 καὶ
2581 4378 2747 4464 ὑπὲρ
2806 4378 2926 4464 τὴν

857 4493 1050 4580 ἰσχὺν
1119 4494 1449 4581 ἐπέρρωσε
1507 4483 1775 4568 (Herod.
1838 4490 1947 4555 ΙΙΙ.
2000 4497 2054 4555 3.
2105 4499 2302 4558 6-8
2364 4546 2514 4573 ,,...
2578 4491 2614 4560 ὃ
2675 4494 2746 4560 δὲ
2806 4500 2926 4560 τοῦ
