3167 5067
1494 390 1572 400 ...
1668 356 1747 417 32
1825 336 1923 400 ’-

927 530 993 590 et
1059 524 1421 590 Chaldaeos
1483 525 1701 591 dicere
1724 575 1738 604 ‚
1809 524 2053 590 bonum
2110 525 2391 606 factum,
2459 547 2540 590 ne
2601 526 2910 592 Vitellius

826 637 1250 702 Germanicus
1322 639 1497 702 intra
1555 637 1832 702 eundem
1886 636 2319 702 Calendarum
2388 638 2559 703 diem
2625 660 2911 723 usquam

822 755 1034 814 esset“
1929 741 1938 744 ι

512 862 665 946 (Dio
732 862 848 945 Ep.
914 861 1104 926 LXV.
1156 870 1208 925 1.
1257 866 1332 941 4;
1397 862 1548 926 Zon.
1593 862 1703 929 XI.
1758 867 1870 942 163
1934 862 2279 926 Suetonius
2345 861 2506 927 dicit
2570 862 2909 928 Vitellium

509 974 985 1039 Chaldaeorum
1040 972 1262 1038 libello
1313 974 1780 1038 exacerbatum
1823 995 2002 1054 esse3
2062 994 2189 1037 non
2235 974 2464 1054 adicit,
2510 996 2665 1039 num
2711 996 2910 1040 omen

507 1085 803 1152 habitum
852 1086 963 1169 sit)
1091 1154 1094 1157 ,

922 1199 1044 1262 Dio
1086 1199 1202 1282 Ep.
1247 1198 1438 1264 va.
1486 1205 1543 1264 s.
1599 1179 1663 1263 1.
1739 1199 2029 1285 κομήτης
2074 1195 2283 1285 ἀστὴρ
2329 1198 2726 1286 {mamaeam

919 1312 1030 1378 καὶ
1091 1308 1133 1397 ἡ
1186 1309 1429 1397 σελήνη
1483 1310 1663 1396 παρὰ
1721 1309 1799 1378 τὸ
1841 1309 2256 1397 καθεστηκὸς
2300 1312 2402 1390 δὶς
2446 1312 2906 1379 ἐκλελοιπέναι

819 1423 1034 1503 ἔδοξε·
1098 1424 1206 1491 καὶ
1255 1421 1380 1508 γὰρ
1429 1427 1782 1507 τεταρταία
1825 1424 1937 1490 καὶ
1978 1422 2299 1509 ἓβδομαία
2345 1422 2668 1510 ἐσκιάσθη
2716 1425 2906 1508 (Zon.

817 1535 926 1599 Xl.
978 1537 1085 1620 16)

917 1649 1028 1714 καὶ
1093 1645 1323 1733 ἡλίους
1382 1647 1508 1716 δύο
1571 1645 1742 1733 ἅμα,
1806 1647 1878 1714 ἔκ
1937 1672 2005 1714 τε
2064 1655 2206 1715 τῶν
2262 1643 2616 1715 ἀνατολῶν
2665 1649 2778 1715 καὶ
2824 1649 2906 1716 ἐκ

815 1768 954 1827 τῶν
1014 1762 1324 1846 δυσμῶν,
1380 1769 1628 1827 τοῦτον
1672 1760 1795 1845 μὲν
1840 1755 2100 1845 ἀσθενῆ
2160 1760 2272 1826 καὶ
2324 1756 2571 1845 ὠχρὸν,
2634 1760 2906 1828 ἐκεῖνον

815 1873 887 1940 δὲ
932 1870 1238 1958 λαμπρὸν
1280 1872 1392 1939 καὶ
1435 1869 1733 1957 ἰσχυρόν,
1781 1868 1965 1939 εἶδον
2010 1871 2190 1955 (Zon.
2236 1870 2347 1936 XI.
2399 1877 2509 1956 16)

919 1985 993 2051 ἐν
1037 1992 1132 2075 τῷ
1177 1988 1578 2073 Καπιτωλίῳ
1624 1987 1775 2070 ἴχνη
1835 1983 2047 2051 πολλὰ
2096 1985 2208 2051 καὶ
2254 1981 2506 2071 μεγάλα
2550 1982 2902 2071 δαιμόνων

811 2105 1020 2164 τινῶν
1070 2094 1155 2176 ὦς
1192 2098 1304 2164 καὶ
1349 2095 1910 2183 κατεληλυθότων
1954 2092 2059 2163 ἀπ’
2113 2092 2328 2165 αὐτοῦ
2371 2094 2641 2194 ἑωράθη

918 2209 1150 2295 ἔλεγον
1338 2206 1441 2276 ὅτι
1488 2206 1524 2276 ὁ
1573 2217 1698 2276 τοῦ
1728 2205 1896 2288 Διὸς
1940 2207 2101 2288 ναὸς
2138 2205 2514 2296 αὐτόματος
2559 2207 2688 2277 σὺν
2737 2217 2899 2279 πολ-

813 2327 907 2411 λῷ
952 2318 1183 2411 κτύπῳ
1230 2318 1541 2410 ήνεῴχθή

914 2431 1002 2497 ib.
1051 2437 1147 2496 16.
1197 2438 1249 2496 1.
1309 2431 1650 2511 θύσαντος
1693 2431 1821 2518 γὰρ
1868 2429 2084 2501 αὐτοῦ
2121 2438 2375 2501 θυσίαν
2422 2432 2594 2515 τινά,
2635 2436 2745 2502 καὶ
2790 2432 2890 2502 ἐπ’

813 2541 987 2634 αὐτῇ
1046 2548 1598 2631 δημηγοροῦντος
1654 2554 1798 2623 τοῖς
1856 2544 2323 2631 στρατιώταις’,
2390 2554 2599 2631 γῦπες
2657 2549 2897 2614 πολλοὶ

812 2656 1296 2742 προςπεσόντες
1352 2656 1433 2724 τά
1492 2682 1565 2724 τε
1628 2655 1773 2743 ἱερὰ
1818 2658 2253 2725 διεσκέδασαν
2296 2659 2408 2725 καὶ
2454 2659 2716 2726 ἐκεῖνον
2758 2657 2897 2726 ἀπὸ

813 2779 938 2837 τοῦ
968 2768 1261 2856 βήματος
1308 2765 1543 2856 ὀλίγον
1590 2773 1735 2836 δεῖν
1773 2769 2161 2856 κατέβαλον.

709 2882 943 2946 Nescio
991 2903 1074 2945 an
1117 2901 1237 2965 pro
1285 2882 1496 2946 omine
1545 2881 1777 2946 mortis
1818 2880 2117 2946 habitum
2162 2883 2249 2947 sit
2291 2882 2452 2947 illud
2499 2882 2890 2966 prodigium,

503 2994 679 3077 quod
725 2999 955 3059 exorta
998 2995 1065 3058 in
1111 2994 1344 3058 castris
1389 2994 1757 3059 Vitellianis
1803 2994 2119 3058 seditione
2166 2995 2396 3074 evenit,
2441 2995 2528 3059 ib.
2582 3000 2677 3059 11.
2730 3001 2802 3059 1:

917 3104 1288 3193 ἐπηύξησεν
1345 3102 1561 3192 αὐτὴν
1629 3104 1783 3191 (τὴν
1826 3104 2148 3191 ταραχὴν)
2196 3104 2238 3193 ή
2283 3106 2527 3193 σελήνη
2574 3116 2690 3194 τῆς
2734 3133 2891 3174 νυκ-

811 3217 923 3298 τὸς
970 3217 1350 3298 ἐκλιποῦσα,
1396 3214 1519 3302 οὐχ
1566 3214 1671 3285 ὅτι
1699 3216 2149 3305 κατεσκιάσθη
2202 3272 2413 3300 ......
2455 3216 2588 3286 ἀλλ’
2629 3216 2733 3287 ὅτι
2775 3221 2892 3286 καὶ

810 3330 1191 3417 αἱματώδης
1246 3331 1358 3398 καὶ
1402 3331 1682 3416 μέλαινα
1741 3325 1906 3396 ἄλλα
1963 3330 2032 3397 τέ
2074 3356 2224 3398 τινα
2265 3330 2579 3417 χρώματα
2626 3330 2891 3417 φοβερὰ

808 3441 1082 3528 ἀφιεῖσα
1131 3439 1351 3529 ὤφθη.

1389 3641 1987 3724 Vespasianus.

703 3779 937 3862 Ingens
995 3800 1203 3862 paene
1261 3784 1361 3843 est
1417 3800 1727 3843 numerus
1787 3798 2007 3843 eorum
2071 3779 2353 3843 ominum
2418 3784 2616 3861 atque
2660 3778 2887 3861 prodi-

499 3893 782 3974 giorum,
846 3892 1081 3975 quibus
1143 3891 1582 3975 Vespasianus
1642 3890 1728 3955 ad
1791 3911 1973 3975 spem
2031 3890 2238 3955 futuri
2297 3891 2704 3974 principatus
2766 3890 2889 3955 ad-

497 4004 731 4068 ductus
777 4009 893 4069 est.

910 4115 1086 4180 Suet.
1130 4116 1320 4199 Vesp.
1371 4122 1427 4182 5.
1501 4116 1608 4195 „in
1653 4136 1832 4198 spem
1876 4115 2133 4198 imperii
2192 4114 2367 4178 venit
2411 4163 2424 4178 .
2452 4164 2465 4179 .
2495 4164 2508 4178 .
2554 4136 2673 4198 per
2716 4113 2889 4180 haec

807 4233 1062 4294 ostenta
1120 4232 1517 4311 conceptam.
1607 4227 1682 4290 In
1732 4226 2108 4292 suburbano
2171 4226 2540 4291 Flaviorum
2601 4247 2888 4309 quercus

805 4341 1107 4423 antiqua,
1177 4361 1345 4423 quae
1408 4345 1550 4403 erat
1610 4338 1810 4402 Marti
1856 4359 2081 4418 sacra,
2154 4359 2273 4422 per
2330 4344 2466 4404 tres
2523 4338 2888 4421 Vespasiae

803 4460 1067 4537 partus,
1123 4453 1410 4535 singulos
1471 4458 1741 4534 repente
1801 4471 2019 4516 ramos
2064 4472 2104 4514 a
2150 4447 2393 4515 frutice*
2429 4450 2644 4531 dedit,
2703 4451 2889 4516 haud
