3167 5067
1357 344 1781 403 -27-

360 511 637 576 laureas
683 511 1034 594 decerpere
1065 510 1380 590 solebant,
1428 530 1616 575 omne
1662 510 1919 575 exaruit
1956 510 2269 574 radicitus
2302 509 2506 593 (Suet.
2547 508 2763 573 Galba

373 629 446 704 13
500 622 715 687 Aurel.
763 622 988 688 Victor
1033 623 1115 686 de
1160 621 1342 694 Caes.
1391 629 1462 703 53
1505 622 1649 702 Dio,
1695 622 1979 687 XLVIII.
2008 627 2106 687 52.
2155 626 2213 700 3,
2238 627 2297 700 4,
2344 626 2411 686 et
2451 620 2759 700 ZonaraS,

368 735 455 800 X.
503 740 605 815 23,
650 738 926 799 narrant
967 733 1160 799 modo
1207 734 1481 817 signum,
1527 735 1704 817 quod
1746 733 1968 798 Liviae
2016 734 2404 817 exstiterat).

584 846 882 911 Alterum
926 846 1129 913 fuisse
1163 866 1370 926 omen,
1417 845 1593 928 quod
1638 851 1817 910 tacta
1857 846 1937 910 de
1984 845 2164 910 coelo
2200 845 2552 911 Caesarum
2599 843 2761 909 aede

370 959 599 1042 capita
644 957 944 1023 omnibus
989 957 1180 1023 simul
1240 958 1476 1023 statuis
1521 957 1918 1023 decidissent
1936 1007 1951 1037 ,
2014 958 2293 1040 Augusti
2336 957 2534 1022 etiam
2579 977 2762 1040 scep-

367 1076 553 1135 trum
596 1091 630 1135 e
677 1069 977 1135 manibus
1021 1091 1367 1135 excusem
1408 1074 1581 1135 esset
1624 1071 1829 1154 (Suet.
1877 1068 2091 1134 Galba
2141 1071 2222 1153 1).

1432 1267 1719 1333 Galba.

589 1405 921 1472 Permulta
980 1406 1200 1474 omina
1256 1405 1461 1472 futuri
1505 1407 1762 1490 imperii
1808 1405 2060 1478 Galbae
2107 1404 2331 1471 oblata
2376 1411 2527 1470 sunt
2544 1456 2558 1485 ,
2605 1426 2762 1488 quo-

368 1542 524 1585 rum
568 1519 853 1604 plurima
895 1519 1312 1584 inveniuntur
1359 1519 1536 1602 apud
1582 1519 1980 1584 Suetonium.

795 1631 971 1696 Suet.
1020 1628 1235 1695 Galba
1270 1637 1328 1695 4.
1392 1635 1691 1710 „constat
1721 1633 2085 1714 Augustum
2111 1651 2315 1714 puero
2352 1680 2367 1695 .
2396 1680 2411 1694 .
2443 1681 2455 1695 .
2490 1629 2764 1695 dixisse:

697 1744 827 1810 Καὶ
874 1741 961 1810 σὺ
995 1741 1235 1810 τέκνον
1277 1751 1395 1829 τῆς
1438 1738 1645 1830 ἀρχῆς
1687 1740 1880 1830 ἡμῶν
1924 1741 2322 1830 παρατρώξῃ

364 1856 532 1942 (Dio
577 1855 694 1938 Ep.
739 1854 961 1919 LXIV.
1014 1860 1066 1919 1.
1121 1860 1190 1936 l;
1234 1855 1386 1920 Zon.
1429 1854 1539 1918 XI.
1588 1861 1660 1937 23
1719 1855 1870 1920 Tac.
1932 1877 2077 1920 ann.
2126 1855 2229 1920 VI.
2279 1860 2395 1936 203
2458 1855 2570 1937 qui
2630 1875 2764 1918 om-

362 1990 492 2033 nes
540 1988 669 2031 non
713 1967 1099 2049 Augustum,
1145 1965 1261 2031 sed
1304 1966 1638 2032 Tiberium
1682 1967 1808 2032 hoc
1850 1968 2091 2049 dixisse
2135 1967 2432 2051 tradunt)

794 2100 954 2159 „avo
1001 2099 1259 2162 quoque
1319 2079 1461 2143 eiur
1514 2079 1736 2163 fulgur
1792 2080 2207 2164 procuranti,
2270 2100 2415 2145 cum
2471 2084 2624 2145 exta
2685 2077 2765 2143 de

693 2190 994 2256 manibus
1056 2190 1280 2273 aquila
1339 2192 1669 2275 rapuisset
1748 2197 1816 2257 et
1882 2193 1949 2256 in
2011 2190 2392 2275 frugiferam
2453 2212 2766 2274 quercum

693 2303 1094 2383 contulisset,
1138 2324 1524 2387 responsum
1570 2310 1703 2384 est,
1766 2326 2088 2371 summum
2145 2303 2260 2369 sed
2306 2324 2521 2368 serum
2565 2303 2768 2387 impe-

693 2416 861 2481 rium
904 2416 1210 2500 portendi
1254 2415 1581 2482 familiae“

796 2527 943 2609 „ille
983 2528 1297 2595 irridens:
1363 2530 1533 2595 Sane
1557 2567 1643 2579 --
1670 2530 1885 2613 inquit
1905 2567 1990 2578 -
2025 2549 2173 2594 cum
2217 2527 2396 2593 mula
2438 2526 2771 2612 pepererit

692 2640 843 2725 (Dio
900 2640 1018 2724 Ep.
1064 2640 1286 2707 LXIV.
1339 2648 1393 2706 1.
1441 2647 1514 2723 3,
1575 2640 1852 2729 ἡμίονός
1907 2667 1977 2709 τε
2034 2641 2290 2724 ἔτεκεν,
2351 2638 2513 2725 ὅπερ
2582 2634 2769 2727 αὐτῷ

694 2750 1034 2839 σύμβολον
1077 2761 1203 2821 τοῦ
1245 2754 1534 2838 κράτους
1578 2754 1851 2822 ἔσεσθαι
1896 2752 2352 2837 ἐτεθέσπιστο)

795 2914 831 2945 ,,
887 2915 902 2929 .
927 2914 942 2929 .
1002 2866 1348 2931 somniavit
1412 2866 1770 2932 Fortunam
1828 2866 2184 2946 dicentem,
2244 2870 2419 2930 stare
2482 2886 2551 2929 se
2609 2868 2763 2928 ante

693 2975 866 3042 fores
921 2977 1278 3058 defessam,
1345 2983 1411 3044 et
1461 2979 1586 3044 nisi
1653 2980 1834 3045 ocius
1886 2979 2320 3062 reciperetur,
2383 2977 2768 3059 cuicumque

694 3088 883 3154 obvio
914 3091 1203 3174 praedae
1235 3090 1543 3156 futuram.
1589 3089 1807 3173 thue
1841 3090 2170 3173 evigilavit
2203 3140 2216 3154 .
2249 3140 2264 3154 .
2297 3139 2311 3153 .
2347 3089 2766 3153 simulacrum

697 3221 972 3267 aeneum
1017 3202 1179 3267 deae
1308 3253 1322 3267 .
1348 3252 1362 3266 .
1406 3203 1653 3268 invenit
1695 3203 2045 3287 ...“„(Dio
2086 3201 2174 3267 ib.
2226 3207 2279 3265 1.
2327 3201 2394 3284 2)

799 3314 977 3380 Suet.
1026 3313 1241 3379 Galba
1287 3320 1343 3380 6.
1422 3315 1804 3398 „evenitque
1849 3319 1925 3380 ut
1967 3315 2061 3400 (in
2094 3313 2462 3397 consulatu)
2509 3311 2650 3396 ipse
2698 3312 2767 3376 L.

697 3426 983 3491 Domitio
1028 3427 1210 3511 patri
1241 3426 1537 3508 Neronis,
1579 3427 1707 3510 ipsi
1754 3426 2009 3492 Salvius
2043 3426 2214 3492 Otho
2259 3430 2450 3510 pater
2496 3424 2770 3491 Othonis

696 3539 1105 3619 succederet,
1165 3538 1343 3604 velut
1401 3539 1817 3623 praesagium
1876 3539 2278 3623 insequentis
2339 3558 2529 3603 casus
2547 3587 2562 3617 ,
2640 3558 2769 3620 quo

695 3650 948 3716 medius
993 3652 1165 3716 inter
1207 3653 1550 3735 utriusque
1593 3650 1763 3716 filios
1804 3652 2024 3717 extitit
2062 3652 2458 3734 imperator“

797 3763 955 3829 ibid.
1003 3769 1078 3830 8:
1160 3764 1569 3847 „acciditque
1590 3813 1606 3843 ,
1665 3768 1741 3828 ut
1784 3785 1932 3828 cum
1977 3813 1992 3828 .
2023 3812 2037 3826 .
2066 3812 2079 3825 .
2130 3760 2535 3826 sacrificaret
2592 3761 2771 3827 intra

697 3875 928 3940 aedem
985 3875 1316 3961 publicam
1335 3926 1351 3955 ,
1413 3895 1620 3960 puero
1697 3896 1733 3939 e
1792 3874 2106 3940 ministris
2327 3872 2603 3957 capillus

696 3992 838 4054 toto
887 3989 1100 4073 capite
1149 3993 1562 4054 canesceret“

364 4103 539 4190 (Dio
581 4100 666 4166 ib.
718 4107 772 4166 1.
821 4107 892 4183 33
938 4100 1547 4185 interpretabantur
1591 4101 1833 4182 Neroni
1876 4100 2094 4166 iuveni
2128 4121 2579 4167 successurum
2616 4097 2771 4164 Gal-

363 4217 540 4283 bam
587 4216 831 4299 senem)

802 4326 907 4406 „in
952 4324 1345 4391 Cantabriae
1390 4324 1607 4391 lacum
1653 4325 1899 4391 fulmen
1945 4326 2226 4391 decidit“

803 4444 1277 4524 „repertaeque
1325 4434 1476 4503 sunt
1518 4438 1865 4505 duodecim
1913 4444 2215 4505 secures“
